2362 3854
471 231 578 287 LIBER
597 231 646 288 ΠΙ.

429 423 625 483 FABVLA
645 423 686 482 Π.

279 530 515 582 ΡΑΝἝΗΕΒΑ
532 529 588 580 ET
605 528 830 582 PASTORES.

117 632 202 694 Solet
216 650 233 692 a
251 632 400 712 despectis
414 651 469 711 par
483 632 592 692 referri
606 634 711 708 gratia.

74 718 226 782 Panthera
240 716 404 796 inprudens
419 717 489 776 olim
504 719 535 776 in
550 716 665 776 foveam
680 717 800 777 decidit.

75 802 185 863 Videre
200 808 348 878 agrestes:
372 800 422 860 alii
437 801 531 861 fustes
546 807 720 878 congerunt,

73 886 134 948 Alii
149 892 276 945 onerant
289 886 382 944 saxis:
405 884 525 963 quidam
540 892 641 944 contra
656 886 785 945 miseriti

73 970 233 1032 Periturae
248 970 373 1048 quippe,
390 971 524 1046 quamvis
538 986 625 1028 nemo
640 967 782 1036 laederet,

74 1053 185 1114 Misere
199 1070 321 1132 panem,
338 1059 372 1112 ut
387 1054 551 1111 sustineret
565 1053 713 1130 spiritum.

76 1137 141 1198 Nox
156 1138 291 1198 insecuta
306 1144 365 1196 est:
390 1135 500 1196 abeunt
515 1137 613 1196 securi
629 1136 758 1205 domum,

76 1220 168 1293 Quasi
183 1221 336 1282 inventuri
350 1227 497 1281 mortuam
512 1220 668 1299 postridie.

77 1307 114 1366 at
129 1305 194 1375 illa,
210 1306 290 1365 vires
304 1312 337 1365 ut
351 1305 458 1365 reiecit
472 1304 635 1381 languidas,

64 1388 177 1451 ,Veloci
193 1388 269 1450 saltu
283 1389 367 1448 iovea
382 1406 448 1448 sese
462 1388 570 1448 liberat

76 1473 115 1535 Et
128 1475 161 1536 in
177 1471 274 1535 cubile
290 1474 407 1532 concito
421 1480 562 1551 properat
581 1472 685 1549 gradu.

77 1556 184 1618 Paucis
199 1555 306 1617 diebus
320 1558 506 1635 interpositis
520 1556 661 1634 provolat,

77 1641 174 1703 Pecus
189 1641 332 1710 trucidat,
348 1642 428 1718 ipsos
441 1647 576 1718 pastores
591 1646 686 1708 necat,

77 1724 116 1786 Et
130 1730 369 1785 cunctavastans
383 1725 476 1784 saevit
491 1726 567 1783 irato
582 1727 698 1802 inpetu.
777 1793 780 1797 ⁴

78 1807 155 1869 Tum
170 1807 228 1868 sihi
243 1810 395 1878 timentes,
412 1810 464 1888 qui
478 1809 560 1869 serae
575 1814 783 1888 pepercerant,

79 1891 225 1953 Damnum
239 1892 318 1953 haud
333 1901 486 1963 recusant,
503 1899 618 1954 tantum
632 1895 763 1974 provita
777 1899 892 1969 rogant.

78 1978 116 2038 tt
130 1975 196 2036 illa:
225 1975 346 2037 Memini
362 1979 413 2056 qui
429 1996 477 2037 me
493 1995 562 2036 saxo
577 1979 708 2055 petierit,

78 2057 136 2129 Qui
150 2078 257 2138 panem
272 2060 403 2120 dederit:
427 2079 477 2120 vos
492 2063 598 2120 timere
614 2058 765 2130 absistite;

78 2142 140 2204 lilis
155 2151 290 2204 revertor
304 2143 414 2213 hostiS,
432 2146 483 2222 qui
498 2142 720 2225 meylaeserunt.

427 2295 619 2356 FABVLA
640 2294 696 2354 ΙΠ.

311 2393 502 2445 Ansons
519 2393 575 2443 ET
592 2391 810 2445 Rvsnmvs·

121 2478 182 2540 Vsu
196 2482 314 2558 peritus
328 2479 441 2539 hariolo
457 2479 588 2539 velocior

78 2562 173 2640 Vulgo
188 2580 252 2623 esse
267 2563 372 2632 fertur,
389 2581 478 2623 causa
493 2562 545 2622 sed
560 2580 619 2623 non
635 2561 755 2632 dicitur,

78 2646 222 2708 Notescet
235 2664 311 2726 quae
326 2665 406 2707 nunc
420 2649 550 2725 primum
565 2645 673 2707 fabella
687 2664 763 2706 mea.

121 2728 250 2790 Habenti
265 2730 383 2791 cuidam
397 2749 505 2809 pecora
519 2738 703 2810 pepererunt
718 2747 787 2789 oves

78 2815 180 2891 agnos
194 2813 322 2874 humano
337 2816 443 2893 capite.
474 2814 604 2875 Monstro
620 2815 781 2874 exterritus

77 2897 124 2959 Ad
139 2897 335 2959 consulendos
350 2899 445 2957 currii
460 2915 597 2958 maerens
610 2897 751 2957 hariolos.

79 2981 136 3042 Hic
150 2983 303 3060 pertinere
318 2981 355 3041 ad
370 2979 483 3040 domini
497 2980 658 3060 respondet
672 2985 762 3058 caput

78 3064 118 3125 Et
133 3065 326 3126 avertendum
340 3067 459 3126 victima
474 3063 650 3143 periculum.

78 3147 131 3209 iile
146 3155 247 3210 autem
262 3149 398 3210 adfirmat
411 3152 569 3228 coniugem
584 3166 649 3209 esse
664 3148 829 3210 adulteram

79 3232 119 3294 Et
131 3234 266 3294 insitivos
280 3235 443 3310 significari
457 3233 578 3304 liberos,

80 3315 140 3377 Sed
155 3319 270 3396 expiari
284 3335 371 3396 posse
387 3320 499 3378 maiore
513 3320 620 3379 hostia.

79 3398 159 3470 Quid
173 3400 284 3462 muita?
307 3400 404 3461 Variis
418 3402 564 3463 dissident
579 3404 737 3464 sententiis

79 3483 275 3566 Hominisque
291 3502 392 3553 curam
408 3503 478 3547 cura
492 3489 605 3547 maiore
620 3486 790 3564 adgravant.
