2362 3854
144 204 186 273 60
422 212 584 269 annuum
604 212 827 270 aluminum

144 362 250 440 Plagae
265 369 440 442 supersunt,
457 363 565 424 desunt
577 364 651 424 mibi
668 363 796 434 cibaria;

146 445 280 506 Subinde
295 447 331 507 ad
346 447 446 507 villam
461 450 563 508 mittor
579 449 643 507 sine
658 449 778 508 viatico.

144 530 230 590 Domi
245 531 271 590 si
287 538 405 600 coenat,
422 533 493 591 totis
507 537 608 610 persto
622 529 769 600 noctibus,

146 613 214 674 Sive
230 621 275 674 est
289 622 423 684 vocatus,
439 617 522 676 iaceo
538 615 574 676 ad
589 615 685 675 lucem
700 617 732 675 in
747 616 862 676 semita.

129 764 131 770 A
145 697 267 758 Emerui
281 697 465 768 libertatem,
483 716 574 759 canus
589 701 697 759 servio.

145 781 242 842 Ullius
257 800 353 843 essem
369 781 472 860 culpae
485 783 560 843 mibi
574 784 600 842 si
614 785 760 852 conscius,

145 865 246 945 nequo
261 866 359 926 animo
373 866 499 926 ferrem:
527 884 688 945 numquam
703 884 769 926 sum
782 866 879 926 lactus
894 872 975 927 satur

145 949 183 1010 Et
196 967 286 1028 super
300 950 404 1011 infelix
418 968 538 1012 saevum
552 953 649 1029 patior
664 950 841 1010 dominium.

145 1033 205 1094 llas
219 1041 342 1113 propter
356 1052 459 1095 causas
474 1041 504 1094 et
518 1051 591 1113 quas
605 1032 725 1112 longum
740 1039 787 1096 est
800 1051 948 1112 promere,
1021 1040 1032 1050 '

146 1117 236 1178 Abire
252 1117 412 1187 destinavi,
429 1137 487 1197 quo
502 1119 625 1179 tulerint
638 1119 741 1197 pedes.
1075 1123 1108 1174 lb

145 1201 241 1278 Ergo,
257 1203 370 1280 iuquit,
387 1202 472 1262 audi:
496 1220 564 1262 cum
579 1202 649 1263 mali
664 1201 707 1262 nil
722 1203 840 1271 leceris,

145 1285 226 1345 llaec
241 1287 403 1363 experiris,
419 1293 453 1345 ut
467 1287 579 1354 reiers,
596 1285 797 1346 incommoda:

147 1367 222 1438 uuio
237 1370 263 1428 si
277 1368 428 1446 peccaris?
449 1386 525 1447 quae
541 1377 569 1428 te
584 1387 742 1448 passurum
754 1367 860 1447 plutasi

146 1450 211 1512 'lali
225 1452 350 1512 consilio
365 1458 410 1512 est
424 1470 441 1513 a
455 1453 525 1529 luga
541 1451 713 1514 deterritus.

480 1605 673 1665 auarus
694 1563 791 1664 xm

223 1701 366 1762 Evis
392 1700 686 1764 QVADMGALIS
711 1701 762 1752 IN
785 1698 1026 1754 Humanum

473 1769 780 1823 VENVMDA'PVS.

237 1849 395 1904 Ferendum
412 1865 472 1904 esse
490 1864 581 1915 aequo
599 1849 706 1914 animo,
724 1848 859 1917 quicquid
877 1848 1017 1917 accident.
1091 1847 1097 1858 '

69 1949 70 1952 ’
111 1999 113 2003 ,
187 1944 304 2023 Equum
320 1963 336 2005 e
352 1945 495 2024 quadriga
511 1944 612 2006 multis
626 1945 733 2024 palmis
747 1945 880 2007 nobilem

146 2026 255 2104 Abegit
269 2029 388 2108 quidam
404 2035 435 2089 et
448 2030 480 2088 in
494 2030 653 2107 pistrinum
669 2029 809 2090 vendidit.

146 2112 313 2172 Productus
328 2112 364 2172 ad
379 2112 542 2174 bibendum
557 2131 625 2174 cum
639 2115 718 2174 toret
733 2132 749 2174 a
764 2111 859 2185 molis,

147 2195 180 2256 ln
196 2198 309 2256 circum
325 2197 463 2276 aequales
478 2199 523 2257 ire
539 2201 694 2277 conspexit
708 2215 786 2267 suos,

147 2279 182 2339 Vt
197 2287 281 2357 grata
296 2280 374 2339 ludis
389 2280 551 2341 redderent
566 2284 738 2342 certamina.

146 2362 292 2423 Lacrimis
306 2363 437 2424 obortis:
459 2363 510 2425 *Ite
526 2364 644 2434 felices,
661 2367 711 2433 ait,

147 2446 301 2507 Celebrate
317 2449 382 2507 sine
397 2466 444 2507 me
460 2466 550 2508 cursu
565 2448 738 2509 sollemnem
754 2449 848 2519 diem;

147 2530 209 2606 Ego
224 2548 282 2608 quo
297 2530 422 2590 scelesta
437 2532 513 2591 luris
528 2534 649 2593 attraxit
664 2550 777 2602 manus,

147 2612 192 2674 lbi
208 2620 287 2674 sorte
303 2615 383 2674 tristi
398 2615 458 2674 lata
474 2613 590 2675 deflebo
605 2633 681 2676 mea.

489 2765 684 2825 FABVLA
704 2766 769 2826 XX.
800 2833 802 2837 ,

411 2863 565 2915 vsssvs
589 2862 845 2929 devemus.

190 2956 222 3016 Si
237 2955 355 3035 quando
369 2959 401 3033 in
417 2958 500 3018 silvis
514 2976 584 3018 urso
600 2956 708 3018 desunt
722 2960 834 3037 copiae,

149 3039 341 3119 Scopulosum
357 3041 393 3102 ad
409 3041 493 3102 littus
508 3044 603 3103 currit
618 3049 648 3102 et
662 3042 813 3121 prendens
826 3048 943 3120 petram

147 3122 244 3183 Pilosa
259 3141 347 3184 crura
363 3128 474 3186 sensim
490 3120 619 3187 derfiittit
633 3126 721 3196 rado;

148 3206 279 3276 Quorum
294 3208 373 3268 inter
388 3208 473 3268 villos
489 3211 589 3269 cancri
605 3209 690 3269 simul
705 3214 739 3268 ut
751 3208 921 3278 haeserunt,

148 3290 181 3350 ln
197 3297 307 3350 terram
324 3292 473 3369 arripiens
489 3294 602 3353 excutit
616 3292 756 3371 praedam
770 3295 862 3353 maris
1091 3294 1111 3347 b

147 3372 281 3453 Escaque
297 3375 408 3435 fruitur
422 3378 533 3454 passim
548 3375 669 3436 collecta
683 3377 777 3453 vafer.

185 3457 267 3535 Ergo
282 3461 372 3519 etiam
386 3460 485 3522 stultis
499 3461 579 3521 acuit
593 3462 748 3539 ingenium
761 3463 865 3524 sames.
