2362 3854
507 218 669 310 mussi.

109 368 206 430 Asello
220 368 309 428 iussit
322 367 464 447 reliquias
478 370 549 447 poni
563 367 678 430 hordei.

108 452 188 522 Quas
203 460 376 530 aspernatus
390 451 439 511 ille
455 454 498 511 sic
512 451 626 513 locutus
641 457 703 512 est:

108 535 252 596 Libenter
265 536 356 594 istum
369 552 498 613 prorsus¹
507 535 678 614 adpeterem
692 534 801 605 cibum,

108 618 186 687 Nisi,
202 620 254 696 qui
269 619 399 679 nutritus
413 617 463 677 illo
479 624 537 687 est,
554 617 702 694 iugulatus
716 619 805 679 leret.

152 701 247 762 Huius
260 708 399 780 respectu
413 700 530 761 labnlae
545 701 707 762 deterritus

107 784 313 846 Periculosum
328 801 445 863 semper
459 786 548 845 vitavi
562 785 689 845 lucrum.

109 868 168 929 Sed
183 868 272 928 diois:
303 866 360 938 Qui
374 885 501 945 rapuere
517 867 649 938 divitias,
664 867 785 929 habent.

108 952 306 1013 Numeremus
320 951 459 1028 agedum,
476 953 527 1030 qui
541 951 682 1031 deprensi
696 954 863 1031 perierunt.

108 1035 249 1095 Maiorem
263 1033 382 1094 turbam
395 1036 568 1113 punitorum
581 1037 725 1114 reperies.

107 1116 214 1180 Paucis
228 1119 382 1178 temeritas
397 1125 442 1178 est
456 1117 548 1187 hono,
564 1118 665 1179 multis
678 1118 766 1180 malo.

460 1269 550 1328 ΕΑΒ
558 1269 651 1329 VLA
675 1269 714 1330 V.
923 1357 927 1365 ¹

351 1363 517 1418 soma
533 1366 589 1417 ffl'
605 1366 820 1420 Rvsrmvn

149 1447 243 1510 Pravo
257 1450 357 1510 lavore
372 1450 433 1511 labi
446 1449 586 1511 mortales
600 1451 696 1511 solent

107 1533 159 1603 Et,
175 1551 230 1612 pro
244 1533 356 1593 iudicio
372 1533 442 1593 dum
457 1540 536 1593 stant
551 1536 663 1593 erroris
677 1537 733 1603 sui,

110 1616 152 1677 nd
166 1616 377 1694 poenitendum
391 1615 482 1676 rebus
497 1617 663 1676 manifestis
677 1619 735 1693 agi.
846 1634 854 1647 ·

150 1699 296 1760 Facturus
310 1699 396 1759 ludos
410 1699 530 1778 quidam
544 1699 626 1760 dives
640 1699 756 1761 nobiles

107 1783 263 1862 Proposito
277 1788 399 1843 cunctos
411 1784 548 1844 invitavit
561 1786 703 1862 praemio,

93 1866 202 1937 ⁸Quum
215 1868 340 1946 quisque
355 1873 455 1945 posset
469 1874 503 1927 nt
516 1869 677 1928 novitatem
690 1868 868 1929 ostenderet

107 1951 223 2010 Venere
238 1951 368 2010 artifices
381 1949 478 2010 laudis
492 1951 529 2010 ad
543 1952 721 2021 certamina;

108 2031 187 2102 Quos
201 2035 280 2093 inter
295 2051 412 2102 scurra,
428 2040 516 2092 notus
530 2032 645 2094 urbano
660 2035 728 2104 sale,
755 2037 756 2040 ’

108 2110 226 2176 Habere
241 2116 317 2177 dixit
331 2135 363 2176 se
377 2133 471 2192 genus
485 2116 654 2194 spectaculi,

109 2198 192 2269 Quod
206 2200 239 2259 in
252 2198 367 2260 theatro
381 2217 542 2277 numquam
555 2198 702 2279 prolatum
715 2201 803 2261 foret.

107 2283 267 2361 Dispersus
280 2301 383 2344 rumor
398 2284 545 2343 civitatem
560 2284 697 2343 concitat.

107 2365 209 2426 Paullo
224 2373 291 2428 ante
305 2384 395 2427 vacua
410 2365 529 2426 turbam
544 2366 685 2426 deliciunt
699 2367 771 2428 loca.

107 2448 141 2510 ln
156 2466 245 2510 scena
258 2467 328 2509 vero
342 2456 498 2529 postquam
513 2449 592 2510 solus
607 2452 739 2511 constitit

109 2533 178 2593 Sine
194 2532 350 2612 adparatu,
366 2533 455 2593 nullis
470 2532 673 2603 adiutoribus„

109 2616 266 2677 Silentium
280 2618 346 2694 ipsa
358 2617 432 2678 fecit
446 2619 634 2696 exspectatio.

108 2699 160 2760 llle
175 2701 208 2759 in
222 2702 319 2760 sinum
333 2706 457 2780 repente
472 2701 593 2761 demisit
607 2708 694 2779 eaput

107 2783 145 2843 Et
159 2783 202 2842 sic
216 2782 340 2861 porcelli
354 2802 457 2844 vocem
471 2791 516 2845 est
530 2786 664 2844 imitatus
678 2801 740 2854 sua,

107 2864 216 2926 Verum
231 2874 264 2926 ut
278 2866 399 2928 subesse
414 2867 504 2946 pallio
519 2867 733 2928 contenderent

107 2949 144 3009 Et
158 2952 257 3010 excuti
271 2949 422 3010 iuberent.
452 2949 515 3020 Quo
533 2950 610 3010 lacto
624 2949 713 3009 simul

107 3032 188 3093 Nihil
203 3042 247 3094 est
261 3041 428 3112 repertum,
444 3033 544 3093 multis
560 3041 682 3093 onerant
696 3033 834 3096 laudibus

106 3116 320 3195 Hominemque
335 3116 440 3196 plausu
454 3123 675 3196 prosequuntur
689 3119 827 3178 maximo.

106 3199 169 3259 Hoc
183 3199 257 3259 vidit
270 3201 337 3260 lieri
350 3203 490 3262 rusticus.
520 3199 585 3260 Non
598 3199 767 3261 mehercule

105 3280 152 3344 lle
167 3283 280 3352 vincet,
296 3285 408 3362 inquit:
431 3292 461 3345 et
475 3285 575 3345 statim
588 3285 739 3363 professus
755 3292 801 3346 est

105 3365 189 3427 ldem
202 3366 350 3426 iacturum
364 3367 472 3428 melius
487 3385 518 3428 se
533 3367 688 3447 postridie.

107 3449 157 3510 Fit
169 3448 256 3509 turba
270 3450 374 3510 maior.
404 3450 466 3510 lam
480 3452 563 3511 lavor
576 3458 692 3511 mentes
705 3456 787 3511 tenet
