2362 3854
109 215 131 280 2
389 223 550 278 PHAEDRI
570 223 794 280 FABVLARVM

109 369 198 431 Pater
212 370 312 431 hercle
328 371 470 441 tonsili,
487 373 595 452 inquit,
611 373 688 433 male
704 373 779 433 dixit
793 373 878 434 mihi.

109 454 205 532 noque
220 457 262 515 111
277 463 449 535 correptum
463 456 574 517 lacerat
588 459 699 518 iniusta
713 474 797 517 nece.

151 537 231 598 Haec
245 544 370 618 propter
384 538 451 600 illos
466 543 577 619 scripta
592 549 638 601 est
652 540 787 601 homines
801 539 910 611 fabula,

110 619 167 691 Qut
182 623 258 683 111111
273 625 371 684 causis
385 624 560 685 innocentes
571 625 752 703 opprimunt.

460 774 649 834 FABVLA
676 775 717 834 Π.

292 871 440 923 ΒΔΝΑΕ
456 871 608 923 REGEM
624 871 881 926 PETIERVN'I'·

151 955 283 1017 Athenae
299 974 366 1017 cum
380 956 523 1018 florerent
537 959 639 1036 aequis
653 956 778 1035 legibus,

109 1038 222 1101 Procax
237 1039 362 1101 libertas
376 1043 528 1103 civitatem
542 1041 661 1102 miscuit

109 1123 298 1203 Frenumque
314 1124 400 1186 111111
413 1127 574 1204 pristinum
588 1125 720 1191 licentia.

109 1206 165 1266 Hic
180 1210 359 1286 conspiratis
372 1209 534 1268 factionum
549 1207 685 1286 partibus

110 1294 216 1351 Arcem
231 1299 376 1370 tyrannus
389 1299 514 1370 occupat
528 1291 712 1355 Pisistratus.

110 1373 184 1436 Cum
198 1377 314 1436 tristem
329 1377 502 1436 servitutem
516 1375 624 1436 sserent
638 1376 736 1445 Attici,

112 1456 272 1538 (Nonquia
287 1458 416 1519 crudelis
430 1460 495 1530 ille,
512 1460 565 1520 sed
580 1461 718 1538 quoniam
733 1475 822 1536 grave

110 1541 204 1603 Omne
219 1545 345 1604 insuetis
360 1543 444 1622 onus]
460 1553 490 1604 et
505 1546 674 1622 coepissent
688 1546 784 1621 queri,

108 1629 243 1705 Aesopus
256 1627 346 1687 talem
360 1634 424 1687 tum
437 1626 576 1688 fabellam
591 1627 716 1688 rettulit.

150 1710 251 1771 Ranae
266 1718 405 1788 vagantes
419 1710 522 1773 liberis
536 1709 696 1790 paludibus

110 1793 245 1855 Clamore
259 1811 365 1871 magno
379 1810 480 1871 regem
494 1797 609 1873 petiere
625 1811 641 1852 a
656 1792 733 1861 Iove,

110 1876 168 1948 Qui
183 1877 341 1937 dissolutos
356 1894 455 1937 mores
468 1879 497 1936 vi
512 1884 714 1956 conpesceret.

109 1961 199 2022 Pater
213 1961 336 2020 deorum
350 1963 419 2021 risit
433 1968 520 2039 atque
535 1959 595 2020 illis
610 1959 692 2020 dedit

110 2045 237 2104 Parvum
251 2044 395 2120 tigillum,
410 2047 533 2104 missum
548 2043 627 2122 quod
641 2043 741 2104 subito
756 2041 823 2104 vadi

110 2127 190 2189 lilotu
206 2145 336 2208 sonoque
352 2130 461 2189 terruit
475 2128 614 2206 pavidum
627 2144 732 2206 genus.

110 2211 175 2273 Hoc
188 2216 320 2273 mersu'm
334 2212 406 2273 limo
422 2231 489 2273 cum
503 2214 616 2274 iaceret
630 2212 752 2281 diutius,

110 2296 201 2358 Forte
216 2314 275 2357 una
288 2298 378 2357 tacite
392 2297 539 2375 proferte
555 2305 658 2373 stagno
673 2303 762 2374 caput

110 2381 149 2441 Et
164 2379 316 2458 explorato
331 2397 402 2456 rege
419 2387 540 2440 cunctas
554 2388 665 2440 evocat.

110 2463 182 2524 illae
196 2465 302 2523 timore
316 2465 413 2542 posito
429 2465 565 2523 certatim
580 2462 720 2524 adnatant

110 2548 297 2625 Lignumque
312 2564 402 2625 supra
416 2547 505 2607 turba
519 2545 655 2624 petulans
669 2543 774 2606 insilit,

111 2629 196 2701 Quod
211 2648 279 2691 cum
294 2632 501 2709 inquinassent
513 2633 595 2690 omni
609 2629 797 2698 contumelia,

111 2714 210 2775 Alium
224 2722 364 2790 rogantes
377 2730 479 2791 regem
494 2716 602 2776 misere
617 2713 655 2774 ad
669 2713 776 2783 lovem,

110 2798 228 2859 Inutilis
244 2799 383 2877 quoniam
398 2805 476 2859 esset
491 2799 542 2877 qui
555 2798 655 2858 fuerat
672 2796 768 2858 datus.

112 2882 187 2942 'l'um
201 2883 282 2942 misit
295 2880 357 2942 illis
370 2881 510 2962 hydrum,
527 2883 578 2961 qni
594 2881 682 2942 dente
697 2897 804 2960 aspero

114 2966 273 3044 Corripere
288 2968 388 3045 coepit
401 2965 541 3044 singulas.
571 2966 695 3026 Frustra
709 2980 815 3025 necem

111 3049 252 3127 Fugitant
265 3052 393 3119 inertes,
409 3067 511 3110 vocem
526 3049 693 3129 praecludit
706 3054 813 3107 metus.

111 3133 229 3194 Furtim
243 3135 336 3210 igitur
350 3133 422 3193 dant
435 3131 582 3193 Mercurio
597 3131 734 3193 mandata
748 3130 786 3190 ad
799 3129 908 3199 lovem,

110 3216 247 3278 Adflictis
261 3223 294 3276 ut
305 3224 469 3277 succurrat.
499 3216 582 3276 'l'unc
597 3223 700 3276 contra
714 3214 822 3274 deusz·

112 3300 187 3370 Quia
201 3299 340 3361 noluistis
353 3307 484 3360 vestrum
499 3301 595 3369 ierre,
610 3300 722 3378 inquit,
740 3297 861 3365 bonurn,

112 3382 220 3444 Malum
234 3385 375 3462 perferte.
390 3399 433 3430 —-·
447 3382 505 3444 Vos
519 3401 651 3463 quoque,
668 3401 685 3442 o
701 3385 796 3453 cives,
812 3381 864 3451 111,

102 3466 169 3525 Hoc
181 3469 347 3539 sustinete,
364 3468 460 3530 maius
475 3485 513 3530 11
528 3469 627 3530 111111
640 3466 760 3528 malum.
