2362 3854
420 236 425 243 ·
466 211 574 267 LIBER
593 213 643 271 HL
663 213 710 270 IV.

109 361 148 423 Et
161 363 292 439 graviter
307 379 354 421 me
368 367 467 424 tutare
482 361 595 422 iudicio
612 367 673 422 tuo.
738 401 742 407 -

108 445 234 506 Excedit
249 446 365 506 animus
379 463 468 524 quem
482 447 638 525 proposuit
652 446 827 514 terminum,

109 528 169 590 Sed
184 528 343 589 difficulter
358 531 528 590 continetur
543 532 677 608 spiritus,

107 612 291 689 Integritatis
306 614 357 692 qul
373 614 508 673 sincerae
524 615 661 674 conscius
746 669 749 675 .

109 698 303 766 ,lnoxiorum
319 697 467 775 premitur
481 696 658 757 insolentiis.
688 700 694 709 '
780 702 784 710 '

108 779 165 850 Qui
181 781 254 850 sint,
270 782 424 858 requires;
441 780 627 860 apparebunt
641 787 785 861 tempore.

108 862 185 939 Ego,
201 864 348 943 quondam
363 863 422 940 legi
437 882 525 943 quam
539 883 616 944 puer
630 867 816 936 sententiam,

108 946 234 1016 „Palam
249 949 358 1007 mutire
373 947 490 1026 plebeio
505 949 654 1028 piaculum
670 956 747 1018 est,“

107 1029 184 1091 Dum
200 1031 310 1091 sanitas
325 1030 486 1102 constabit,
502 1032 626 1111 pulchre
641 1034 815 1094 meminero.

419 1267 541 1326 LIBER
563 1266 759 1337 QVARTVS.

235 1402 238 1407 -
296 1363 437 1431 rodun
452 1381 511 1431 An
527 1380 875 1437 raramovnonuru.

150 1464 222 1527 (lum
238 1464 433 1526 destinassem
447 1467 607 1526 terminum
624 1469 707 1546 operi
722 1475 853 1528 statuere

106 1547 142 1610 ln
156 1549 228 1618 hoc,
244 1556 278 1610 ut
293 1549 359 1609 aliis
374 1556 453 1609 esset
466 1551 609 1609 materiae
625 1553 706 1620 satis,

84 1656 88 1663 ¹
108 1632 271 1694 Consilium
285 1635 376 1693 tacito
392 1633 480 1693 corde
497 1633 631 1694 damnavi
646 1652 756 1695 meum.
774 1698 780 1707 ,

108 1715 183 1777 llam
198 1718 291 1795 siquis
306 1717 374 1776 talis
389 1718 478 1776 etiam
494 1717 573 1776 tituli
588 1723 633 1777 est
647 1726 797 1797 appetens,

107 1799 172 1870 Quo
186 1817 245 1860 non
261 1807 347 1878 pacto
361 1798 528 1878 indagablt,
546 1801 687 1880 quidnam
702 1804 863 1872 omiserim,

106 1884 145 1943 Vt
159 1882 231 1943 illud
246 1885 344 1962 ipsum
359 1887 460 1963 cupiat
473 1886 570 1946 famae
585 1885 714 1956 tradere,

108 1967 168 2028 Sua
183 1969 289 2046 cuique
305 1985 372 2027 cum
389 1971 428 2028 sit
443 1971 533 2030 animi
549 1971 690 2046 cogitatio

107 2049 252 2130 Colorque
267 2054 420 2130 proprius!
450 2052 530 2129 Ergo
544 2071 604 2113 uon
617 2053 721 2113 levitas
736 2053 820 2124 mihi,

108 2134 167 2195 Sed
182 2140 263 2195 certa
277 2137 354 2196 ratio
369 2153 487 2197 causam
503 2135 653 2196 scribendi
668 2136 760 2197 dedit.

107 2216 222 2289 Quare,
237 2218 400 2290 Particulo,
415 2222 554 2299 quoniam
571 2220 688 2299 caperis
701 2218 819 2291 fabulis,

109 2301 199 2380 (Quas
212 2302 366 2381 Aesopias,
383 2322 442 2364 non
457 2305 580 2384 Aesopi,
596 2305 727 2375 nomIno,

107 2384 183 2456 Quia
198 2404 308 2466 paucas
321 2387 371 2448 ille
386 2389 529 2459 ostendit,
547 2405 601 2466 ego
616 2387 805 2468 plures-fero,

107 2470 186 2532 Usus
200 2477 316 2530 vetusto
330 2488 456 2548 genere,
473 2473 525 2534 sed
540 2472 632 2533 rebus
646 2472 755 2550 novis;)

107 2552 252 2624 Quartum
265 2552 413 2626 libellum,
430 2574 497 2617 cum
512 2559 638 2625 vacarit,
650 2555 801 2635 perleges.

108 2637 194 2699 Hunc
209 2636 377 2700 obtrectare
393 2641 419 2700 si
433 2641 511 2700 volet
524 2641 700 2718 malignitas,

107 2720 222 2782 lmlitri
238 2720 307 2782 dum
322 2741 381 2783 non
396 2726 506 2802 possit,
522 2724 670 2785 obtrectet
683 2725 763 2785 licet.

107 2805 181 2866 Mihi
195 2812 280 2883 parta
294 2805 359 2866 laus
373 2814 433 2877 est,
449 2807 528 2886 quod
542 2815 590 2879 tu,
606 2808 684 2888 quod
699 2809 812 2868 similes
828 2807 871 2868 tui

107 2888 228 2950 Vestras
242 2891 274 2948 in
289 2889 406 2950 chartas
420 2890 512 2951 verba
526 2893 695 2952 transfertis
708 2910 775 2953 mea

107 2971 293 3052 Dignumque
307 2972 394 3050 longa
410 2974 549 3035 iudicatis
562 2978 715 3037 memoria.

107 3056 304 3117 lnlitteratum
319 3057 454 3135 plausum
469 3075 524 3117 cur
538 3058 695 3118 desidero?

470 3192 661 3253 FABVLA
682 3193 708 3253 Ι.

396 3285 550 3343 Asilius
566 3291 621 3342 ET
639 3290 779 3346 oum.

150 3377 207 3445 uui
222 3381 310 3436 natus
324 3381 371 3435 est
385 3375 502 3442 infelix,
518 3395 578 3437 non
595 3379 682 3437 vitam
698 3377 784 3438 modo

107 3457 235 3522 Tristem
252 3459 400 3528 decurrit,
416 3474 521 3520 vorum
532 3471 602 3543 post
616 3460 730 3522 obitum
744 3479 861 3542 quoque
