2362 3854
502 218 610 273 LIBER
631 219 667 274 ΙΙ.

442 408 637 469 FABVLA
658 408 728 468 VIL

315 515 426 567 mvn
443 515 531 566 Dvo
548 515 604 566 ΕΤ
621 514 856 569 RAP'PORES.

148 621 221 683 bluli
235 621 350 698 gravati
365 619 492 678 sarcinis
506 614 590 677 ibant
604 617 678 677 dno:

104 705 187 768 Vnus
202 703 320 765 serebat
333 704 420 763 fiscos
435 718 503 761 cum
517 703 654 779 pecunia,
688 726 691 731 ·

105 791 190 853 Alter
203 795 353 850 tumentes
367 785 461 845 multo
477 801 577 845 saccos
595 784 716 863 hordeo.

106 875 160 936 llle
176 889 266 933 onere
282 871 365 931 dives
380 866 459 930 celsa
473 870 590 928 cervice
605 871 718 929 eminet

107 959 285 1035 Clarumque
301 953 375 1014 collo
390 955 480 1013 iactat
493 951 735 1021 tintinnabulum,

107 1041 214 1103 (lomes
228 1040 330 1119 quieto
345 1039 481 1115 sequitur
496 1044 526 1094 et
540 1035 656 1113 placido
671 1035 776 1111 gradu.

108 1123 215 1185 Subito
230 1123 361 1183 latrones
376 1138 413 1180 ex
427 1119 546 1179 insidiis
561 1118 696 1179 advolant

107 1208 248 1285 Interque
263 1205 385 1266 caedem
398 1204 480 1263 lerro
495 1202 607 1264 mulum
622 1206 764 1273 sauciant,

93 1291 261 1369 Diripiunt
275 1305 423 1358 nummos,
439 1287 601 1364 neglegunt
614 1286 671 1346 vile
687 1287 842 1349 hordeum.

109 1375 260 1454 Spoliatus
274 1373 364 1450 igitur
380 1389 465 1433 casus
480 1388 548 1432 cnm
563 1370 650 1430 lleret
662 1389 748 1432 snos:
819 1420 822 1425 r

107 1457 271 1537 Equidem,
286 1457 385 1534 inquit
400 1455 488 1525 alter,
504 1472 552 1514 me
568 1462 770 1534 contemptum
784 1456 908 1533 gaudeo,

109 1540 185 1603 Nam
200 1540 244 1602 nil
259 1541 344 1600 amisi
359 1557 414 1599 nec
430 1556 496 1598 sum
510 1538 610 1598 laesus
623 1539 755 1599 vulnere.

152 1625 215 1685 Hoc
230 1631 404 1701 argumento
419 1628 482 1681 tnta
498 1629 543 1680 est
557 1621 709 1681 hominum
723 1625 868 1695 tenuitas;

109 1707 232 1786 Magnae
246 1706 362 1786 periclo
376 1713 445 1766 sunt
460 1723 532 1783 opes
546 1704 701 1765 obnoxiae.

441 1857 634 1917 FABVLA
655 1859 739 1917 VIH.

389 1955 556 2006 GERVVS
571 1956 632 2007 An
648 1955 795 2009 BOVES.

154 2041 266 2103 Cervus
280 2042 446 2100 nemorosis
461 2043 608 2100 excitatus
621 2039 762 2110 latibulis

111 2125 150 2185 Vt
164 2130 337 2184 venatorum
350 2124 469 2200 fugeret
484 2125 644 2182 instantem
658 2140 772 2193 necem,

112 2210 208 2271 Caeco
221 2209 329 2267 timore
343 2209 508 2286 proximam
521 2205 620 2266 villam
634 2207 711 2284 petit

112 2293 151 2352 llt
166 2299 331 2370 opportuno
346 2309 378 2352 se
393 2289 485 2350 bovili
498 2289 640 2351 condidit.

113 2376 171 2436 llic
185 2373 240 2435 bos
249 2374 369 2435 latenti:
399 2372 544 2444 Quidnam
559 2373 677 2434 voluisti
692 2374 758 2443 tibi,

113 2458 236 2541 Infelix,
252 2458 330 2519 ultro
345 2460 397 2537 qui
411 2459 448 2519 ad
462 2476 567 2518 necem
581 2461 753 2518 cucurreris

113 2542 332 2621 Hominumque
347 2548 426 2602 tecto
441 2543 579 2621 spiritum
593 2543 795 2603 commiseris?

113 2628 154 2687 ln
169 2624 219 2685 ille
234 2625 374 2704 supplex:
404 2626 462 2686 llos
475 2625 577 2695 modo,
593 2628 704 2705 inquit,
720 2629 852 2705 parcite:

114 2709 278 2770 Occasione
293 2726 399 2770 rursus
413 2727 567 2788 erumpam
583 2710 659 2783 data.

114 2793 250 2870 Spatium
265 2792 326 2853 diei
340 2795 439 2853 noctis
453 2795 606 2872 excipiunt
620 2795 709 2855 vices.

113 2874 264 2936 Frondem
279 2875 427 2937 bubulcus
442 2875 554 2945 adfert,
571 2878 614 2937 nil
630 2878 698 2938 ideo
713 2877 804 2938 videt.

113 2959 195 3020 Eunt
209 2957 336 3019 subinde
351 2967 382 3020 et
396 2958 523 3020 redeunt
536 2979 639 3021 omnes
653 2963 769 3030 rustici,

113 3041 209 3104 Nemo
224 3043 447 3104 animadvertit:
471 3044 579 3103 transit
592 3046 683 3104 etiam
697 3045 811 3115 vilicus

112 3125 177 3186 Nec
191 3124 241 3185 ille
257 3128 416 3205 quicquam
431 3129 533 3187 sentit.
563 3125 638 3186 Tum
652 3128 783 3205 gaudens
797 3130 880 3190 larus

113 3207 217 3268 Bubus
231 3211 343 3287 qnietis
358 3228 446 3287 agere
461 3213 561 3290 coepit
575 3214 694 3288 gratias,

113 3291 283 3370 Hospitium
300 3291 424 3353 adverso
439 3295 518 3372 quod
533 3298 741 3374 praestiterint
755 3306 901 3376 tempore.

114 3375 280 3453 Respondit
294 3394 386 3437 unus:
417 3376 535 3439 Salvum
550 3385 579 3439 te
595 3383 731 3458 cupimus
746 3381 883 3461 quidem3

117 3458 178 3517 Sed
192 3459 260 3528 ille,
276 3462 328 3538 qui
344 3459 445 3520 oculos
461 3467 581 3522 centnm
596 3463 700 3535 babet,
717 3468 743 3526 si
758 3468 889 3532 venerit,

169 3571 321 3611 runnnnrs.
870 3559 902 3619 ³2.
