2362 3854
472 223 580 280 LIBER
599 224 648 282 IV.

77 373 174 451 Aegre
189 374 304 452 recepti
320 380 420 434 tamen
435 380 592 433 evaserunt
606 391 720 434 necem.

77 457 175 518 Duces
190 474 308 526 eorum,
329 460 380 536 qui
395 455 545 536 capitibus
559 474 670 517 cornua

79 539 148 601 Suis
161 539 304 617 ligarant,
322 546 354 600 ut
369 542 563 618 conspicuum
577 543 608 601 in
623 541 738 620 proelio

77 623 230 684 Haberent
244 625 376 701 signum,
392 623 471 703 quod
486 631 683 703 sequerentur
697 624 816 695 milites,

77 707 208 768 Haesere
223 709 256 768 in
270 709 366 787 portis
381 714 508 786 suntque
524 710 603 788 capti
619 707 656 768 ab
671 708 822 779 hostibus;

77 789 157 861 Quos
170 790 327 853 inmolatos
341 792 437 851 rictor
452 791 546 852 aridis
560 791 699 853 dentibus

46 888 49 895 ⁴
77 874 201 954 Capacis
216 875 273 935 alvi
287 877 393 936 mersit
407 881 538 936 tartareo
553 894 655 955 specu.

119 958 341 1038 Quemcumque
355 958 498 1038 populum
512 961 607 1020 tristis
622 967 745 1020 eventus
759 962 878 1041 premit,

76 1041 266 1103 Periclitatur·
280 1042 452 1119 magnitudo
466 1043 653 1122 principum;

76 1125 188 1187 Minuta
203 1125 307 1205 plebes
321 1126 402 1186 sacili
417 1125 568 1204 praesidio
582 1126 665 1188 latet.

413 1311 606 1371 FABVLA
626 1312 696 1373 VH.

375 1425 739 1503 pannosus

118 1545 179 1615 Tu,
195 1547 260 1624 qui,
276 1552 397 1614 nasute,
413 1547 525 1623 scripta
540 1544 701 1621 destringis
716 1561 782 1605 mea

74 1628 113 1689 llt
127 1627 184 1688 hoc
197 1631 330 1689 iocorum
345 1628 445 1706 legere
460 1628 578 1689 fastidis
592 1645 694 1705 genus,

74 1711 169 1773 Parva
182 1709 317 1773 libellum
331 1714 445 1772 sustine
460 1713 613 1791 patientia,
718 1759 721 1765 .

75 1795 272 1856 Severitatem
286 1795 396 1857 frontis
410 1795 481 1856 dum
495 1795 578 1875 placo
592 1802 661 1856 tuae

74 1879 112 1941 in
125 1881 158 1940 in
173 1880 327 1940 cothurnis
340 1879 441 1958 prodit
454 1881 587 1962 Aesopus
600 1882 694 1940 novis.

115 1961 234 2023 Vtinam
248 1981 304 2024 nec
319 1980 459 2042 nmquam
473 1963 549 2024 Pelii
563 1965 695 2024 nemoris
709 1965 779 2040 iugo

73 2045 168 2107 Pinus
182 2046 301 2126 bipinui
322 2047 501 2107 concidisset
516 2047 670 2107 Thessala!

73 2129 137 2192 Nec
151 2129 188 2190 ad
202 2132 353 2209 professae
367 2132 473 2191 mortis
487 2130 629 2191 audacem
643 2133 720 2190 viam

73 2211 264 2275 Fabricasset
277 2215 374 2290 Argus
388 2231 478 2293 opere
492 2213 623 2274 Palladio
638 2221 741 2283 ratem,

73 2295 265 2377 Inhospitalis
278 2300 376 2376 prima
391 2316 467 2377 quae
482 2300 565 2376 ponti
580 2299 664 2359 sinus

72 2380 219 2442 Patefecit
232 2383 264 2441 in
278 2383 443 2460 perniciem
458 2381 580 2442 Graium
595 2388 625 2442 et
639 2380 814 2442 barbarum!

72 2463 208 2543 Namque
223 2471 254 2525 et
267 2463 390 2544 superbi
404 2465 486 2543 luget
499 2466 607 2525 Aeetae
623 2464 735 2537 domus,

72 2547 111 2609 Et
125 2565 218 2626 regua
232 2547 330 2609 Peliae
345 2549 458 2609 scelere
473 2549 592 2609 Medeae
607 2551 714 2617 iacent,

72 2629 155 2701 Quae
169 2649 289 2692 saevum
303 2633 456 2710 ingenium
470 2635 562 2692 variis
575 2633 726 2693 involvens
740 2633 836 2693 modis

70 2714 136 2776 Illic
146 2729 206 2795 'per
221 2722 304 2776 artus
318 2717 422 2776 fratris
437 2716 579 2794 explicuit
592 2716 702 2794 lugam,

70 2797 129 2859 llic
144 2798 235 2859 caede
250 2800 345 2878 patris
358 2799 512 2860 Peliadum
527 2801 631 2860 iniecit
645 2818 760 2860 manus.
1008 2861 1016 2865 .

114 2879 193 2952 Quid
207 2881 265 2942 tibi
279 2883 416 2943 ridetur?
445 2884 507 2943 Hoc
521 2902 638 2962 quoque
653 2884 798 2944 insulsum
814 2891 871 2955 est,
889 2887 943 2956 ais,

68 2965 218 3046 Falsoque
233 2965 359 3035 dictum:
375 2966 461 3043 longe
476 2968 546 3044 quia
560 2969 706 3028 vetustior

69 3052 188 3128 Aegaea
203 3049 299 3110 Minos
313 3050 406 3110 classe
421 3049 592 3128 perdomuit
606 3051 684 3110 freta

68 3132 212 3213 Iustoque
227 3133 388 3193 vindicavit
403 3133 537 3212 exemplo
552 3136 696 3212 inpetum.

68 3215 151 3288 Quid
166 3234 238 3294 ergo
252 3234 373 3295 possum
387 3218 486 3277 iacere
501 3217 572 3288 tibi,
588 3218 682 3279 lector
697 3218 779 3290 Cato,

69 3300 175 3362 Since
189 3299 315 3361 fabellae
331 3307 361 3360 te
376 3303 478 3361 iuvant
492 3319 547 3361 nec
562 3301 695 3362 fabulae!

68 3382 138 3446 Noli
153 3384 298 3445 molestus
312 3402 376 3444 esse
392 3387 511 3449 omnino
525 3385 644 3455 litteris,

66 3467 213 3530 llalorem
227 3466 387 3529 exhibeant
401 3486 439 3528 ne
455 3466 511 3529 tibi
525 3469 706 3532 molestiam.

805 3565 857 3628 qs
