2362 3854
107 201 151 267 50
388 206 551 262 Puaunru
571 207 795 264 rABvuAnvu

456 407 646 468 FABVLA
667 409 720 468 IX

361 512 532 564 'PAVRVS
548 513 604 565 m*
621 514 819 568 mvnvs

150 615 281 692 Angusto
295 615 328 675 in
343 614 426 675 aditu
439 621 544 675 taurus
558 612 674 676 luotana
688 615 829 677 cornibus

109 699 182 762 Cum
196 701 245 759 rix
260 700 372 759 intrare
387 704 490 777 posset
504 697 541 758 ad
555 701 721 778 praesepia,

107 781 290 844 Monstrabat
304 781 413 842 vitulus
426 798 486 860 quo
500 799 533 842 se
547 789 635 861 pacto
650 782 795 845 flecteret.

107 865 201 936 Tace,
217 867 329 945 inquit,
346 872 413 925 ante
428 865 485 925 hoo
499 867 583 935 novi,
599 884 688 945 quam
702 872 736 927 tu
750 875 837 927 natus
852 885 898 930 es.

148 948 206 1020 Qui
223 950 384 1011 doctiorem
399 947 551 1018 emendat,
568 948 628 1010 sibi
643 949 703 1010 diei
718 957 813 1029 putet.

464 1118 655 1178 FABVLA
676 1119 714 1178 X

291 1231 418 1284 oms
434 1231 490 1282 ΕΦ
508 1232 584 1283 SVS
600 1232 654 1284 ΕΨ
670 1233 887 1286 mauolt.

148 1334 297 1397 Adversus
311 1350 415 1393 omnes
428 1333 515 1392 fortis
529 1333 645 1393 velooes
658 1335 738 1395 ieras

107 1419 195 1481 Canis
209 1435 277 1478 eum
292 1416 412 1476 domino
426 1417 679 1496 semper-lecisset
693 1420 775 1489 satis,

106 1504 262 1580 Languere
277 1502 375 1580 coepit
389 1501 475 1562 annis
489 1501 724 1578 ingravantibus.

63 1644 67 1652 .
107 1585 272 1666 Aliquando
288 1583 423 1646 obiectus
436 1584 549 1664 hispidi
563 1603 680 1664 pugnae
695 1587 759 1646 suis

107 1671 246 1749 hdripuit
261 1686 379 1728 aurem:
403 1668 456 1729 sed
471 1669 596 1729 cariosis
611 1669 751 1730 dentibus

103 1754 250 1815 Praedam
264 1753 387 1813 dimisit.
417 1751 474 1812 llio
487 1758 559 1812 tuno
573 1759 695 1814 venator
710 1753 813 1813 dolens

107 1838 217 1899 Canem
231 1833 417 1912 obiurgabat.
447 1834 501 1896 Cui
516 1852 607 1896 senex
622 1842 725 1896 contra
740 1835 854 1897 Lacona

107 1919 173 1981 Non
187 1927 218 1979 te
232 1918 366 1978 destituit
382 1919 513 1987 animus,
528 1917 581 1978 sed
595 1919 675 1979 vires
689 1936 783 1979 meae.

106 2000 191 2072 Quod
205 2002 330 2071 luimus,
345 1999 447 2072 lauda,
462 2002 563 2061 sliam
579 2001 715 2071 damnas,
727 2004 811 2082 ¹quod
827 1972 939 2066 sumus.

148 2086 211 2147 lloe
226 2103 294 2156 our,
309 2083 441 2156 Phileto,
457 2086 644 2164 scripserim,
660 2086 784 2165 pulchre
798 2087 891 2150 vides.
948 2134 951 2139 .
1037 2095 1070 2148 10

340 2485 826 2593 nrrnunrr

427 2630 594 2686 FABVLAE
611 2632 747 2688 NOVAE.

468 2787 661 2848 FABVLA
682 2788 708 2849 Ι.

377 2893 522 2946 sunus
543 2893 598 2944 ΕΦ
619 2894 797 2948 VVLPES.

167 3001 291 3055 Avarum
309 2998 395 3054 etiem
413 2998 490 3067 quod
506 2997 560 3054 eibi
577 3001 705 3069 superest
721 3016 777 3055 non
794 3000 916 3056 libenter
933 3000 1011 3056 dare.

147 3113 271 3191 Vulpem
285 3111 410 3190 rogabat
423 3120 540 3193 partem
555 3113 664 3175 caudae
679 3114 794 3184 simius,

106 3196 269 3273 Contegere
284 3195 408 3256 honeste
423 3202 524 3275 posset
538 3203 571 3256 ut
584 3197 680 3257 nudas
693 3204 792 3268 nates;

106 3281 158 3342 Cui
176 3281 219 3341 sie
233 3278 376 3356 maligna:
406 3278 536 3355 Longior
550 3279 600 3340 liat
615 3279 694 3349 lieet,

105 3363 217 3425 'lamen
231 3362 313 3424 illam
328 3363 416 3424 eitius
429 3378 485 3442 per
499 3361 594 3422 lutum
609 3370 640 3423 et
653 3365 754 3443 spinas
768 3364 894 3436 traham,

106 3446 176 3508 Tibi
191 3465 279 3528 quam
293 3453 411 3527 partem
425 3446 559 3528 quamvis
573 3463 693 3527 parvam
709 3450 865 3529 inpertiar.
