2362 3854
117 189 161 254 44
398 194 559 250 PHAEDRI
579 194 802 251 FABVLARVM

119 347 194 406 Vsus
209 349 313 424 poetae
328 363 411 406 more
427 352 472 405 est
488 353 518 405 et
532 343 654 405 licentia

118 431 213 508 Atque
228 431 410 506 interposuit
423 431 542 507 gemina
555 429 654 490 Ledae
668 428 805 507 pignera,

118 514 332 574 Auctoritatem
346 513 452 573 similis
466 513 602 573 referens
620 512 742 590 gloriae.

119 597 200 677 Opus
214 596 403 677 adprobavit3
419 597 472 656 sed
486 596 635 656 mercedis
649 598 768 656 tertiam

117 683 240 761 Accepit
254 688 379 760 partem.
409 680 484 742 Cum
497 680 641 741 relicuam
656 687 808 757 poscerett

116 761 178 835 Hli,
194 767 306 844 inquit,
322 764 462 834 reddent,
479 781 605 842 quorum
621 771 689 823 sunt
704 763 801 824 laudis
815 764 901 824 duae.

117 848 242 918 Verum,
258 856 342 908 utne
357 851 433 908 irate
448 855 477 907 te
494 846 649 908 dimissum
664 864 795 917 censeas

117 934 162 995 Ad
176 951 281 994 cenam
295 932 369 993 mihi
382 933 540 1012 promitte;
556 938 697 1009 cognatos
711 930 776 991 volo

117 1018 212 1079 Hodie
226 1018 368 1086 invitare,
385 1034 511 1096 quorum
526 1033 558 1076 es
572 1017 605 1076 in
620 1033 743 1076 numero
757 1015 842 1076 mihi.

101 1104 103 1108 ’
117 1102 285 1163 Fraudatus
298 1103 432 1180 quamvis
446 1108 476 1160 et
490 1099 595 1160 dolens
609 1100 728 1170 iniuria,

117 1186 161 1247 Ne
176 1185 251 1245 maie
267 1184 458 1244 dissimulans
472 1185 595 1261 gratiam
611 1189 825 1261 corrumperet,

116 1269 269 1329 Promisit.
298 1267 399 1327 Rediit
413 1266 487 1327 hora
502 1266 596 1336 dicta,
612 1266 761 1327 recubuit.

119 1350 300 1430 Splendebat
313 1349 407 1410 hilare
421 1349 537 1429 poculis
551 1351 734 1420 convivium,

117 1436 222 1513 Magno
237 1434 380 1514 adparatu
395 1433 470 1495 laeta
486 1433 643 1494 resonabat
658 1434 779 1495 domus:

117 1520 251 1599 Repente
266 1519 324 1579 duo
339 1537 408 1579 curn
421 1520 544 1579 iuvenes
560 1520 656 1597 sparsi
671 1515 802 1597 pulvere,

118 1604 232 1665 Sudore
247 1604 340 1665 multo
355 1602 540 1672 diffluentes,
556 1620 680 1682 corpore

117 1688 281 1749 Humanam
296 1705 384 1766 supra
398 1688 540 1756 formam,
556 1686 673 1746 cuidam
689 1685 806 1746 servulo

116 1771 269 1845 Mandant,
287 1777 321 1831 ut
335 1771 371 1831 ad
386 1789 417 1832 se
432 1776 573 1850 provocet
588 1769 787 1840 Simonidem

116 1855 200 1915 lilius
214 1857 375 1922 interesse,
393 1871 431 1913 ne
445 1855 535 1914 faciat
550 1871 672 1913 moram.

117 1939 211 1998 Homo
224 1935 417 2016 perturbatus
432 1939 541 1996 excitat
556 1935 749 1998 Simonidem.

117 2021 213 2081 Vnum
227 2029 380 2099 promorat
394 2021 443 2080 vix
457 2020 565 2098 pedem
578 2020 723 2090 triclinio,

116 2105 213 2165 Ruina
228 2121 362 2164 camarae
378 2103 475 2165 subito
490 2106 639 2184 oppressit
653 2113 786 2176 ceteros;
811 2103 814 2106 ’

117 2188 179 2249 Nec
193 2187 247 2249 ulli
261 2189 383 2248 iuvenes
398 2195 467 2249 sunt
481 2191 594 2267 reperti
609 2189 646 2250 ad
660 2190 790 2250 ianuam.

117 2270 155 2332 Vt
169 2279 215 2332 est
229 2270 364 2349 vulgatus
379 2272 452 2332 ordo
466 2279 605 2333 narratae
619 2275 675 2342 rei,

118 2354 229 2416 Omnes
243 2357 376 2415 scierunt
389 2357 544 2416 numinum
559 2358 759 2434 praesentiam

117 2438 184 2499 Vati
200 2439 316 2499 dedisse
331 2440 422 2498 vitam
436 2440 583 2500 mercedis
597 2440 673 2500 loco.

305 2568 446 2637 rodun
461 2585 521 2635 An
538 2586 889 2640 rnnmcvnoomnu.

158 2685 261 2747 Adhuc
275 2694 435 2765 supersunt
449 2687 554 2756 multa,
571 2705 646 2766 quae
661 2690 773 2767 possim
787 2689 879 2769 loqui,

45 2815 60 2826 ,
116 2769 155 2831 Et
169 2771 290 2848 copiosa
305 2769 434 2831 abundat
449 2787 551 2830 rerum
565 2773 709 2842 varietas;

117 2852 176 2913 Sed
191 2858 372 2932 temperatae
388 2871 493 2914 suaves
508 2862 576 2914 sunt
591 2856 734 2932 argutiae,

116 2935 292 2996 Immodicae
308 2936 469 2998 offendunt.
498 2936 609 3008 Quare,
626 2940 672 2999 vir
687 2942 884 3012 sanctissime,

116 3018 281 3090 Particulo,
298 3020 410 3082 chartis
425 3039 532 3082 nomen
547 3024 694 3084 victurum
709 3026 795 3095 meis,
857 3015 860 3020 ⁴

115 3101 230 3162 Latinis
245 3103 316 3163 dum
331 3104 463 3165 manebit
476 3108 607 3185 pretium
622 3107 740 3176 litteris,

40 3229 45 3239 .
116 3183 149 3245 Si
164 3203 223 3245 non
237 3186 404 3263 ingenium,
421 3194 502 3248 certe
517 3188 693 3260 brevitatem
708 3189 849 3270 adproba,

23 3315 25 3324 .
115 3265 197 3337 Quae
212 3269 404 3329 conmendari
418 3275 501 3330 tanto
516 3271 605 3332 debet
619 3274 737 3344 iustius,

116 3351 230 3421 Quanto
244 3357 350 3431 poetae
367 3360 435 3413 sunt
448 3353 564 3415 molesti
578 3355 715 3420 validius⁸

91 3582 108 3631 i'
229 3506 277 3632 ι
