<?xml version="1.0" encoding="UTF-8"?>
<!DOCTYPE html PUBLIC "-//W3C//DTD XHTML 1.0 Transitional//EN"
    "http://www.w3.org/TR/xhtml1/DTD/xhtml1-transitional.dtd">
<html xmlns="http://www.w3.org/1999/xhtml" xml:lang="en" lang="en">
 <head>
  <title>
</title>
<meta http-equiv="Content-Type" content="text/html;charset=utf-8" />
  <meta name='ocr-system' content='tesseract 3.04.00' />
  <meta name='ocr-capabilities' content='ocr_page ocr_carea ocr_par ocr_line ocrx_word'/>
</head>
<body>
  <div class='ocr_page' id='page_1' title='image "./phaedriavgvstil00phaegoog_0075.png"; bbox 0 0 2362 3854; ppageno 0'>
   <div class='ocr_carea' id='block_1_1' title="bbox 123 201 809 267">
    <p class='ocr_par' dir='ltr' id='par_1_1' title="bbox 123 201 809 267">
     <span class='ocr_line' id='line_1_1' title="bbox 123 201 809 267; baseline -0.001 0"><span class='ocrx_word' id='word_1_1' title='bbox 123 201 167 267; x_wconf 83' lang='lat'><strong>54</strong></span> <span class='ocrx_word' id='word_1_2' title='bbox 403 207 565 264; x_wconf 80' lang='lat' dir='ltr'><strong>PHAEDRI</strong></span> <span class='ocrx_word' id='word_1_3' title='bbox 585 208 809 266; x_wconf 79' lang='lat' dir='ltr'><strong>FABVLARVM</strong></span> 
     </span>
    </p>
   </div>
   <div class='ocr_carea' id='block_1_2' title="bbox 121 356 1004 772">
    <p class='ocr_par' dir='ltr' id='par_1_2' title="bbox 123 356 857 438">
     <span class='ocr_line' id='line_1_2' title="bbox 123 356 857 438; baseline 0.004 -20"><span class='ocrx_word' id='word_1_4' title='bbox 123 357 275 437; x_wconf 86' lang='lat' dir='ltr'>Numquid</span> <span class='ocrx_word' id='word_1_5' title='bbox 289 356 361 427; x_wconf 91' lang='lat' dir='ltr'><strong>tibi,</strong></span> <span class='ocrx_word' id='word_1_6' title='bbox 377 357 489 437; x_wconf 86' lang='lat' dir='ltr'><strong>lnquit,</strong></span> <span class='ocrx_word' id='word_1_7' title='bbox 505 359 586 418; x_wconf 87' lang='lat' dir='ltr'><strong>risus</strong></span> <span class='ocrx_word' id='word_1_8' title='bbox 601 376 667 419; x_wconf 89' lang='lat' dir='ltr'><strong>sum</strong></span> <span class='ocrx_word' id='word_1_9' title='bbox 682 358 857 438; x_wconf 68' lang='lat' dir='ltr'><strong>superbior?</strong></span> 
     </span>
    </p>

    <p class='ocr_par' dir='ltr' id='par_1_3' title="bbox 122 440 708 518">
     <span class='ocr_line' id='line_1_3' title="bbox 122 440 708 518; baseline 0.002 -16"><span class='ocrx_word' id='word_1_10' title='bbox 122 440 209 502; x_wconf 88' lang='lat' dir='ltr'>Haud</span> <span class='ocrx_word' id='word_1_11' title='bbox 223 459 297 501; x_wconf 89' lang='lat' dir='ltr'><strong>rana</strong></span> <span class='ocrx_word' id='word_1_12' title='bbox 310 440 398 502; x_wconf 90' lang='lat' dir='ltr'><strong>nobis</strong></span> <span class='ocrx_word' id='word_1_13' title='bbox 412 444 515 518; x_wconf 82' lang='lat' dir='ltr'><strong>ingeni</strong></span> <span class='ocrx_word' id='word_1_14' title='bbox 529 443 638 502; x_wconf 89' lang='lat' dir='ltr'><strong>fiducia</strong></span> <span class='ocrx_word' id='word_1_15' title='bbox 653 451 708 503; x_wconf 89' lang='lat' dir='ltr'><strong>est.</strong></span> 
     </span>
    </p>

    <p class='ocr_par' dir='ltr' id='par_1_4' title="bbox 123 525 678 604">
     <span class='ocr_line' id='line_1_4' title="bbox 123 525 678 604; baseline 0.002 -18"><span class='ocrx_word' id='word_1_16' title='bbox 123 525 282 586; x_wconf 81' lang='lat' dir='ltr'><strong>Confectus</strong></span> <span class='ocrx_word' id='word_1_17' title='bbox 296 525 347 585; x_wconf 88' lang='lat' dir='ltr'><strong>ille</strong></span> <span class='ocrx_word' id='word_1_18' title='bbox 361 527 491 604; x_wconf 88' lang='lat' dir='ltr'><strong>pessimo</strong></span> <span class='ocrx_word' id='word_1_19' title='bbox 505 525 678 587; x_wconf 78' lang='lat' dir='ltr'><strong>voluminez.</strong></span> 
     </span>
    </p>

    <p class='ocr_par' dir='ltr' id='par_1_5' title="bbox 121 607 1004 772">
     <span class='ocr_line' id='line_1_5' title="bbox 121 607 1004 690; baseline 0.005 -21"><span class='ocrx_word' id='word_1_20' title='bbox 121 607 202 684; x_wconf 81' lang='lat' dir='ltr'><strong>Ego,</strong></span> <span class='ocrx_word' id='word_1_21' title='bbox 218 609 329 688; x_wconf 87' lang='lat' dir='ltr'><strong>inquit,</strong></span> <span class='ocrx_word' id='word_1_22' title='bbox 346 608 425 688; x_wconf 90' lang='lat' dir='ltr'><strong>quod</strong></span> <span class='ocrx_word' id='word_1_23' title='bbox 440 616 469 670; x_wconf 89' lang='lat' dir='ltr'><strong>te</strong></span> <span class='ocrx_word' id='word_1_24' title='bbox 483 609 586 670; x_wconf 92' lang='lat' dir='ltr'><strong>laudas</strong></span> <span class='ocrx_word' id='word_1_25' title='bbox 601 610 792 672; x_wconf 86' lang='lat' dir='ltr'><strong>vehementer</strong></span> <span class='ocrx_word' id='word_1_26' title='bbox 806 610 911 690; x_wconf 89' lang='lat' dir='ltr'><strong>probo,</strong></span> <span class='ocrx_word' id='word_1_27' title='bbox 1002 629 1004 634; x_wconf 78' lang='grc'>’</span> 
     </span>
     <span class='ocr_line' id='line_1_6' title="bbox 122 691 929 772; baseline 0.004 -20"><span class='ocrx_word' id='word_1_28' title='bbox 122 691 256 772; x_wconf 83' lang='lat' dir='ltr'><strong>Namque</strong></span> <span class='ocrx_word' id='word_1_29' title='bbox 271 693 328 752; x_wconf 88' lang='lat' dir='ltr'><strong>boc</strong></span> <span class='ocrx_word' id='word_1_30' title='bbox 343 691 380 753; x_wconf 87' lang='lat' dir='ltr'><strong>ab</strong></span> <span class='ocrx_word' id='word_1_31' title='bbox 395 692 453 752; x_wconf 90' lang='lat' dir='ltr'><strong>alio</strong></span> <span class='ocrx_word' id='word_1_32' title='bbox 469 711 630 772; x_wconf 85' lang='lat' dir='ltr'><strong>numquam</strong></span> <span class='ocrx_word' id='word_1_33' title='bbox 645 696 797 772; x_wconf 75' lang='lat' dir='ltr'><strong>continget</strong></span> <span class='ocrx_word' id='word_1_34' title='bbox 813 695 880 756; x_wconf 89' lang='lat' dir='ltr'><strong>tibi.</strong></span> <span class='ocrx_word' id='word_1_35' title='bbox 927 703 929 707; x_wconf 73' lang='lat'>‘</span> 
     </span>
    </p>
   </div>
   <div class='ocr_carea' id='block_1_3' title="bbox 454 844 751 906">
    <p class='ocr_par' dir='ltr' id='par_1_6' title="bbox 454 844 751 906">
     <span class='ocr_line' id='line_1_7' title="bbox 454 844 751 906; baseline 0.007 -2"><span class='ocrx_word' id='word_1_36' title='bbox 454 844 645 905; x_wconf 81' lang='lat' dir='ltr'>FABVLA</span> <span class='ocrx_word' id='word_1_37' title='bbox 665 845 751 906; x_wconf 89' lang='lat' dir='ltr'><strong>VIII.</strong></span> 
     </span>
    </p>
   </div>
   <div class='ocr_carea' id='block_1_4' title="bbox 221 941 980 1088">
    <p class='ocr_par' dir='ltr' id='par_1_7' title="bbox 221 941 980 1088">
     <span class='ocr_line' id='line_1_8' title="bbox 221 941 980 998; baseline 0.008 -6"><span class='ocrx_word' id='word_1_38' title='bbox 221 941 439 994; x_wconf 73' lang='lat' dir='ltr'><strong>POMPEIVS</strong></span> <span class='ocrx_word' id='word_1_39' title='bbox 455 941 635 994; x_wconf 75' lang='lat' dir='ltr'><strong>MAGNVS</strong></span> <span class='ocrx_word' id='word_1_40' title='bbox 652 943 707 994; x_wconf 70' lang='grc' dir='ltr'><strong>ΕΤ</strong></span> <span class='ocrx_word' id='word_1_41' title='bbox 723 942 823 995; x_wconf 74' lang='lat' dir='ltr'><strong>EIVS</strong></span> <span class='ocrx_word' id='word_1_42' title='bbox 840 944 980 998; x_wconf 74' lang='lat' dir='ltr'><strong>mnus,</strong></span> 
     </span>
     <span class='ocr_line' id='line_1_9' title="bbox 332 1021 874 1088; baseline 0.006 -11"><span class='ocrx_word' id='word_1_43' title='bbox 332 1022 422 1088; x_wconf 81' lang='lat' dir='ltr'><strong>Quam</strong></span> <span class='ocrx_word' id='word_1_44' title='bbox 439 1021 553 1078; x_wconf 84' lang='lat' dir='ltr'><strong>difficile</strong></span> <span class='ocrx_word' id='word_1_45' title='bbox 571 1021 609 1077; x_wconf 74' lang='lat' dir='ltr'><strong>alt</strong></span> <span class='ocrx_word' id='word_1_46' title='bbox 625 1023 767 1079; x_wconf 86' lang='lat' dir='ltr'><strong>hominem</strong></span> <span class='ocrx_word' id='word_1_47' title='bbox 784 1040 874 1081; x_wconf 81' lang='lat' dir='ltr'><strong>nosse.</strong></span> 
     </span>
    </p>
   </div>
   <div class='ocr_carea' id='block_1_5' title="bbox 79 1112 1083 3536">
    <p class='ocr_par' dir='ltr' id='par_1_8' title="bbox 79 1112 1083 3536">
     <span class='ocr_line' id='line_1_10' title="bbox 164 1112 741 1192; baseline -0.003 -19"><span class='ocrx_word' id='word_1_48' title='bbox 164 1112 263 1190; x_wconf 79' lang='lat' dir='ltr'><strong>blagni</strong></span> <span class='ocrx_word' id='word_1_49' title='bbox 277 1113 401 1192; x_wconf 83' lang='lat' dir='ltr'><strong>Pompei</strong></span> <span class='ocrx_word' id='word_1_50' title='bbox 415 1112 501 1172; x_wconf 91' lang='lat' dir='ltr'><strong>miles</strong></span> <span class='ocrx_word' id='word_1_51' title='bbox 516 1115 591 1173; x_wconf 86' lang='lat' dir='ltr'><strong>rasti</strong></span> <span class='ocrx_word' id='word_1_52' title='bbox 605 1114 741 1190; x_wconf 88' lang='lat' dir='ltr'><strong>corporis</strong></span> 
     </span>
     <span class='ocr_line' id='line_1_11' title="bbox 121 1194 773 1275; baseline -0.002 -17"><span class='ocrx_word' id='word_1_53' title='bbox 121 1195 230 1258; x_wconf 84' lang='lat' dir='ltr'><strong>Fracte</strong></span> <span class='ocrx_word' id='word_1_54' title='bbox 243 1196 392 1275; x_wconf 91' lang='lat' dir='ltr'><strong>loquendo</strong></span> <span class='ocrx_word' id='word_1_55' title='bbox 407 1203 438 1256; x_wconf 89' lang='lat' dir='ltr'><strong>et</strong></span> <span class='ocrx_word' id='word_1_56' title='bbox 451 1194 629 1256; x_wconf 88' lang='lat' dir='ltr'><strong>ambulando</strong></span> <span class='ocrx_word' id='word_1_57' title='bbox 643 1196 773 1257; x_wconf 89' lang='lat' dir='ltr'><strong>molliter</strong></span> 
     </span>
     <span class='ocr_line' id='line_1_12' title="bbox 121 1279 743 1340; baseline -0.002 0"><span class='ocrx_word' id='word_1_58' title='bbox 121 1279 244 1340; x_wconf 82' lang='lat' dir='ltr'><strong>Famam</strong></span> <span class='ocrx_word' id='word_1_59' title='bbox 257 1280 373 1339; x_wconf 77' lang='lat' dir='ltr'><strong>cinaedi</strong></span> <span class='ocrx_word' id='word_1_60' title='bbox 388 1286 521 1339; x_wconf 80' lang='lat' dir='ltr'><strong>traxerat</strong></span> <span class='ocrx_word' id='word_1_61' title='bbox 535 1281 743 1340; x_wconf 82' lang='lat' dir='ltr'><strong>certissimam.</strong></span> 
     </span>
     <span class='ocr_line' id='line_1_13' title="bbox 120 1362 713 1431; baseline -0.002 -8"><span class='ocrx_word' id='word_1_62' title='bbox 120 1363 177 1423; x_wconf 87' lang='lat' dir='ltr'><strong>llic</strong></span> <span class='ocrx_word' id='word_1_63' title='bbox 191 1362 348 1423; x_wconf 89' lang='lat' dir='ltr'><strong>insidiatus</strong></span> <span class='ocrx_word' id='word_1_64' title='bbox 363 1369 448 1422; x_wconf 87' lang='lat' dir='ltr'><strong>noete</strong></span> <span class='ocrx_word' id='word_1_65' title='bbox 462 1364 605 1422; x_wconf 89' lang='lat' dir='ltr'><strong>iumentis</strong></span> <span class='ocrx_word' id='word_1_66' title='bbox 619 1362 713 1431; x_wconf 90' lang='lat' dir='ltr'><strong>ducis,</strong></span> 
     </span>
     <span class='ocr_line' id='line_1_14' title="bbox 96 1447 1083 1525; baseline -0.003 -16"><span class='ocrx_word' id='word_1_67' title='bbox 96 1505 99 1510; x_wconf 88' lang='grc'><em>,</em></span> <span class='ocrx_word' id='word_1_68' title='bbox 121 1447 195 1507; x_wconf 84' lang='lat' dir='ltr'><strong>Cum</strong></span> <span class='ocrx_word' id='word_1_69' title='bbox 208 1453 289 1507; x_wconf 87' lang='lat' dir='ltr'><strong>veste</strong></span> <span class='ocrx_word' id='word_1_70' title='bbox 305 1454 336 1507; x_wconf 89' lang='lat' dir='ltr'><strong>et</strong></span> <span class='ocrx_word' id='word_1_71' title='bbox 349 1464 422 1507; x_wconf 91' lang='lat' dir='ltr'><strong>auro</strong></span> <span class='ocrx_word' id='word_1_72' title='bbox 437 1452 467 1506; x_wconf 92' lang='lat' dir='ltr'><strong>et</strong></span> <span class='ocrx_word' id='word_1_73' title='bbox 481 1463 588 1522; x_wconf 87' lang='lat' dir='ltr'><strong>magno</strong></span> <span class='ocrx_word' id='word_1_74' title='bbox 602 1448 719 1522; x_wconf 84' lang='lat' dir='ltr'><strong>argenti</strong></span> <span class='ocrx_word' id='word_1_75' title='bbox 733 1447 865 1525; x_wconf 89' lang='lat' dir='ltr'><strong>pondere</strong></span> <span class='ocrx_word' id='word_1_76' title='bbox 1065 1455 1083 1506; x_wconf 76' lang='lat' dir='ltr'><strong>a</strong></span> 
     </span>
     <span class='ocr_line' id='line_1_15' title="bbox 120 1529 779 1608; baseline 0 -17"><span class='ocrx_word' id='word_1_77' title='bbox 120 1533 236 1591; x_wconf 83' lang='lat' dir='ltr'><strong>Avertit</strong></span> <span class='ocrx_word' id='word_1_78' title='bbox 249 1531 354 1591; x_wconf 90' lang='lat' dir='ltr'><strong>mulos.</strong></span> <span class='ocrx_word' id='word_1_79' title='bbox 384 1529 508 1590; x_wconf 85' lang='lat' dir='ltr'><strong>Factum</strong></span> <span class='ocrx_word' id='word_1_80' title='bbox 521 1546 624 1590; x_wconf 88' lang='lat' dir='ltr'><strong>rumor</strong></span> <span class='ocrx_word' id='word_1_81' title='bbox 639 1529 779 1608; x_wconf 89' lang='lat' dir='ltr'><strong>dissipat;</strong></span> 
     </span>
     <span class='ocr_line' id='line_1_16' title="bbox 121 1614 767 1693; baseline 0.002 -19"><span class='ocrx_word' id='word_1_82' title='bbox 121 1616 264 1692; x_wconf 79' lang='lat' dir='ltr'><strong>Arguitur</strong></span> <span class='ocrx_word' id='word_1_83' title='bbox 278 1614 378 1684; x_wconf 85' lang='lat' dir='ltr'><strong>miles,</strong></span> <span class='ocrx_word' id='word_1_84' title='bbox 395 1616 512 1693; x_wconf 86' lang='lat' dir='ltr'><strong>rapitur</strong></span> <span class='ocrx_word' id='word_1_85' title='bbox 526 1616 559 1675; x_wconf 94' lang='lat' dir='ltr'><strong>in</strong></span> <span class='ocrx_word' id='word_1_86' title='bbox 572 1615 767 1692; x_wconf 88' lang='lat' dir='ltr'><strong>praetorium.</strong></span> 
     </span>
     <span class='ocr_line' id='line_1_17' title="bbox 121 1695 905 1776; baseline 0.003 -18"><span class='ocrx_word' id='word_1_87' title='bbox 121 1697 197 1759; x_wconf 83' lang='lat' dir='ltr'><strong>Tum</strong></span> <span class='ocrx_word' id='word_1_88' title='bbox 212 1698 349 1776; x_wconf 84' lang='lat' dir='ltr'><strong>Magnus:</strong></span> <span class='ocrx_word' id='word_1_89' title='bbox 380 1695 475 1768; x_wconf 78' lang='lat' dir='ltr'><strong>Quid?</strong></span> <span class='ocrx_word' id='word_1_90' title='bbox 496 1700 552 1767; x_wconf 90' lang='lat' dir='ltr'><strong>ait,</strong></span> <span class='ocrx_word' id='word_1_91' title='bbox 568 1705 640 1758; x_wconf 90' lang='lat' dir='ltr'><strong>tune</strong></span> <span class='ocrx_word' id='word_1_92' title='bbox 655 1715 719 1767; x_wconf 90' lang='lat' dir='ltr'><strong>me,</strong></span> <span class='ocrx_word' id='word_1_93' title='bbox 735 1699 905 1770; x_wconf 85' lang='lat' dir='ltr'><strong>commilito,</strong></span> 
     </span>
     <span class='ocr_line' id='line_1_18' title="bbox 122 1781 811 1860; baseline -0.001 -18"><span class='ocrx_word' id='word_1_94' title='bbox 122 1782 255 1860; x_wconf 85' lang='lat' dir='ltr'><strong>Spoliare</strong></span> <span class='ocrx_word' id='word_1_95' title='bbox 270 1800 303 1842; x_wconf 89' lang='lat' dir='ltr'><strong>es</strong></span> <span class='ocrx_word' id='word_1_96' title='bbox 317 1782 424 1842; x_wconf 74' lang='lat' dir='ltr'><strong>ausus?</strong></span> <span class='ocrx_word' id='word_1_97' title='bbox 453 1781 506 1841; x_wconf 88' lang='lat' dir='ltr'><strong>llle</strong></span> <span class='ocrx_word' id='word_1_98' title='bbox 520 1783 661 1842; x_wconf 91' lang='lat' dir='ltr'><strong>continuo</strong></span> <span class='ocrx_word' id='word_1_99' title='bbox 676 1789 811 1842; x_wconf 78' lang='lat' dir='ltr'><strong>exscreat</strong></span> 
     </span>
     <span class='ocr_line' id='line_1_19' title="bbox 79 1864 1082 1944; baseline -0.002 -18"><span class='ocrx_word' id='word_1_100' title='bbox 79 1941 81 1944; x_wconf 9' lang='grc' dir='ltr'><em>Α</em></span> <span class='ocrx_word' id='word_1_101' title='bbox 121 1866 188 1926; x_wconf 91' lang='lat' dir='ltr'><strong>Sibi</strong></span> <span class='ocrx_word' id='word_1_102' title='bbox 203 1869 235 1926; x_wconf 94' lang='lat' dir='ltr'><strong>in</strong></span> <span class='ocrx_word' id='word_1_103' title='bbox 249 1867 401 1925; x_wconf 88' lang='lat' dir='ltr'><strong>sinistram</strong></span> <span class='ocrx_word' id='word_1_104' title='bbox 416 1872 446 1925; x_wconf 90' lang='lat' dir='ltr'><strong>et</strong></span> <span class='ocrx_word' id='word_1_105' title='bbox 460 1871 580 1944; x_wconf 91' lang='lat' dir='ltr'><strong>sputum</strong></span> <span class='ocrx_word' id='word_1_106' title='bbox 594 1865 696 1940; x_wconf 84' lang='lat' dir='ltr'><strong>digitis</strong></span> <span class='ocrx_word' id='word_1_107' title='bbox 711 1864 847 1944; x_wconf 87' lang='lat' dir='ltr'><strong>dissipat.</strong></span> <span class='ocrx_word' id='word_1_108' title='bbox 1048 1873 1082 1925; x_wconf 88' lang='lat'><strong>10</strong></span> 
     </span>
     <span class='ocr_line' id='line_1_20' title="bbox 121 1947 775 2028; baseline -0.003 -18"><span class='ocrx_word' id='word_1_109' title='bbox 121 1949 185 2018; x_wconf 85' lang='lat' dir='ltr'><strong>Sic,</strong></span> <span class='ocrx_word' id='word_1_110' title='bbox 201 1952 378 2028; x_wconf 88' lang='lat' dir='ltr'><strong>imperator,</strong></span> <span class='ocrx_word' id='word_1_111' title='bbox 395 1948 474 2008; x_wconf 90' lang='lat' dir='ltr'><strong>oculi</strong></span> <span class='ocrx_word' id='word_1_112' title='bbox 490 1947 692 2008; x_wconf 83' lang='lat' dir='ltr'><strong>exstillescant</strong></span> <span class='ocrx_word' id='word_1_113' title='bbox 705 1950 775 2016; x_wconf 90' lang='lat' dir='ltr'><strong>mei,</strong></span> 
     </span>
     <span class='ocr_line' id='line_1_21' title="bbox 121 2031 837 2112; baseline 0 -19"><span class='ocrx_word' id='word_1_114' title='bbox 121 2033 153 2094; x_wconf 94' lang='lat' dir='ltr'><strong>Si</strong></span> <span class='ocrx_word' id='word_1_115' title='bbox 167 2033 228 2092; x_wconf 83' lang='lat' dir='ltr'><strong>ridi</strong></span> <span class='ocrx_word' id='word_1_116' title='bbox 243 2038 294 2112; x_wconf 84' lang='lat' dir='ltr'><strong>aut</strong></span> <span class='ocrx_word' id='word_1_117' title='bbox 307 2034 404 2109; x_wconf 81' lang='lat' dir='ltr'><strong>tetigi.</strong></span> <span class='ocrx_word' id='word_1_118' title='bbox 434 2031 511 2092; x_wconf 80' lang='lat' dir='ltr'><strong>&#39;lum</strong></span> <span class='ocrx_word' id='word_1_119' title='bbox 525 2033 571 2091; x_wconf 86' lang='lat' dir='ltr'><strong>rir</strong></span> <span class='ocrx_word' id='word_1_120' title='bbox 585 2032 679 2093; x_wconf 89' lang='lat' dir='ltr'><strong>animi</strong></span> <span class='ocrx_word' id='word_1_121' title='bbox 693 2032 837 2111; x_wconf 91' lang='lat' dir='ltr'><strong>simplicis</strong></span> 
     </span>
     <span class='ocr_line' id='line_1_22' title="bbox 120 2115 727 2195; baseline -0.002 -17"><span class='ocrx_word' id='word_1_122' title='bbox 120 2117 154 2178; x_wconf 93' lang='lat' dir='ltr'><strong>ld</strong></span> <span class='ocrx_word' id='word_1_123' title='bbox 168 2117 297 2177; x_wconf 86' lang='lat' dir='ltr'><strong>dedecus</strong></span> <span class='ocrx_word' id='word_1_124' title='bbox 312 2124 480 2176; x_wconf 88' lang='lat' dir='ltr'><strong>castrorum</strong></span> <span class='ocrx_word' id='word_1_125' title='bbox 494 2115 620 2195; x_wconf 90' lang='lat' dir='ltr'><strong>propelli</strong></span> <span class='ocrx_word' id='word_1_126' title='bbox 634 2115 727 2185; x_wconf 89' lang='lat' dir='ltr'><strong>iubet,</strong></span> 
     </span>
     <span class='ocr_line' id='line_1_23' title="bbox 120 2199 866 2262; baseline 0 -1"><span class='ocrx_word' id='word_1_127' title='bbox 120 2201 183 2262; x_wconf 85' lang='lat' dir='ltr'><strong>Neo</strong></span> <span class='ocrx_word' id='word_1_128' title='bbox 198 2200 304 2261; x_wconf 86' lang='lat' dir='ltr'><strong>cadere</strong></span> <span class='ocrx_word' id='word_1_129' title='bbox 320 2202 352 2260; x_wconf 93' lang='lat' dir='ltr'><strong>in</strong></span> <span class='ocrx_word' id='word_1_130' title='bbox 366 2200 452 2260; x_wconf 89' lang='lat' dir='ltr'><strong>illum</strong></span> <span class='ocrx_word' id='word_1_131' title='bbox 466 2199 563 2260; x_wconf 89' lang='lat' dir='ltr'><strong>credit</strong></span> <span class='ocrx_word' id='word_1_132' title='bbox 576 2207 689 2261; x_wconf 90' lang='lat' dir='ltr'><strong>tantam</strong></span> <span class='ocrx_word' id='word_1_133' title='bbox 704 2201 866 2261; x_wconf 89' lang='lat' dir='ltr'><strong>audaciam.</strong></span> 
     </span>
     <span class='ocr_line' id='line_1_24' title="bbox 120 2284 1081 2364; baseline -0.001 -19"><span class='ocrx_word' id='word_1_134' title='bbox 120 2285 216 2346; x_wconf 87' lang='lat' dir='ltr'><strong>Breve</strong></span> <span class='ocrx_word' id='word_1_135' title='bbox 230 2292 348 2364; x_wconf 90' lang='lat' dir='ltr'><strong>tempus</strong></span> <span class='ocrx_word' id='word_1_136' title='bbox 361 2285 547 2352; x_wconf 87' lang='lat' dir='ltr'><strong>intercessit,</strong></span> <span class='ocrx_word' id='word_1_137' title='bbox 564 2291 595 2344; x_wconf 89' lang='lat' dir='ltr'><strong>et</strong></span> <span class='ocrx_word' id='word_1_138' title='bbox 608 2284 703 2344; x_wconf 82' lang='lat' dir='ltr'><strong>fidens</strong></span> <span class='ocrx_word' id='word_1_139' title='bbox 716 2302 807 2344; x_wconf 92' lang='lat' dir='ltr'><strong>manu</strong></span> <span class='ocrx_word' id='word_1_140' title='bbox 1048 2291 1081 2344; x_wconf 78' lang='lat'><strong>15</strong></span> 
     </span>
     <span class='ocr_line' id='line_1_25' title="bbox 120 2366 767 2446; baseline -0.002 -18"><span class='ocrx_word' id='word_1_141' title='bbox 120 2370 216 2428; x_wconf 86' lang='lat' dir='ltr'><strong>Vnum</strong></span> <span class='ocrx_word' id='word_1_142' title='bbox 230 2387 247 2429; x_wconf 94' lang='lat' dir='ltr'><strong>e</strong></span> <span class='ocrx_word' id='word_1_143' title='bbox 261 2368 402 2429; x_wconf 89' lang='lat' dir='ltr'><strong>Romanis</strong></span> <span class='ocrx_word' id='word_1_144' title='bbox 415 2366 596 2446; x_wconf 87' lang='lat' dir='ltr'><strong>provocabat</strong></span> <span class='ocrx_word' id='word_1_145' title='bbox 608 2367 767 2429; x_wconf 88' lang='lat' dir='ltr'><strong>barbarus.</strong></span> 
     </span>
     <span class='ocr_line' id='line_1_26' title="bbox 121 2451 921 2531; baseline 0 -18"><span class='ocrx_word' id='word_1_146' title='bbox 121 2452 186 2513; x_wconf 89' lang='lat' dir='ltr'><strong>Sibi</strong></span> <span class='ocrx_word' id='word_1_147' title='bbox 200 2455 327 2531; x_wconf 88' lang='lat' dir='ltr'><strong>quisque</strong></span> <span class='ocrx_word' id='word_1_148' title='bbox 342 2453 462 2521; x_wconf 92' lang='lat' dir='ltr'><strong>metuit;</strong></span> <span class='ocrx_word' id='word_1_149' title='bbox 478 2454 568 2530; x_wconf 88' lang='lat' dir='ltr'><strong>primi</strong></span> <span class='ocrx_word' id='word_1_150' title='bbox 583 2454 656 2530; x_wconf 88' lang='lat' dir='ltr'><strong>quin</strong></span> <span class='ocrx_word' id='word_1_151' title='bbox 670 2458 805 2512; x_wconf 90' lang='lat' dir='ltr'><strong>mussant</strong></span> <span class='ocrx_word' id='word_1_152' title='bbox 819 2451 921 2514; x_wconf 88' lang='lat' dir='ltr'><strong>duces.</strong></span> 
     </span>
     <span class='ocr_line' id='line_1_27' title="bbox 119 2533 841 2613; baseline -0.003 -17"><span class='ocrx_word' id='word_1_153' title='bbox 119 2535 252 2596; x_wconf 84' lang='lat' dir='ltr'><strong>&#39;landem</strong></span> <span class='ocrx_word' id='word_1_154' title='bbox 267 2535 409 2595; x_wconf 85' lang='lat' dir='ltr'><strong>cinaedus</strong></span> <span class='ocrx_word' id='word_1_155' title='bbox 423 2533 541 2604; x_wconf 85' lang='lat' dir='ltr'><strong>habitu,</strong></span> <span class='ocrx_word' id='word_1_156' title='bbox 557 2535 611 2595; x_wconf 92' lang='lat' dir='ltr'><strong>sed</strong></span> <span class='ocrx_word' id='word_1_157' title='bbox 624 2535 703 2597; x_wconf 86' lang='lat' dir='ltr'><strong>Mars</strong></span> <span class='ocrx_word' id='word_1_158' title='bbox 717 2534 841 2613; x_wconf 82' lang='lat' dir='ltr'><strong>viribus,</strong></span> 
     </span>
     <span class='ocr_line' id='line_1_28' title="bbox 121 2617 715 2698; baseline -0.005 -17"><span class='ocrx_word' id='word_1_159' title='bbox 121 2620 190 2681; x_wconf 87' lang='lat' dir='ltr'><strong>bdit</strong></span> <span class='ocrx_word' id='word_1_160' title='bbox 203 2618 356 2679; x_wconf 89' lang='lat' dir='ltr'><strong>sedentem</strong></span> <span class='ocrx_word' id='word_1_161' title='bbox 370 2636 426 2698; x_wconf 94' lang='lat' dir='ltr'><strong>pro</strong></span> <span class='ocrx_word' id='word_1_162' title='bbox 439 2617 586 2678; x_wconf 90' lang='lat' dir='ltr'><strong>tribunali</strong></span> <span class='ocrx_word' id='word_1_163' title='bbox 600 2618 715 2687; x_wconf 88' lang='lat' dir='ltr'><strong>ducem,</strong></span> 
     </span>
     <span class='ocr_line' id='line_1_29' title="bbox 121 2701 1080 2765; baseline 0 -1"><span class='ocrx_word' id='word_1_164' title='bbox 121 2705 158 2765; x_wconf 84' lang='lat' dir='ltr'><strong>Et</strong></span> <span class='ocrx_word' id='word_1_165' title='bbox 172 2701 354 2764; x_wconf 85' lang='lat' dir='ltr'><strong>voce-molli:</strong></span> <span class='ocrx_word' id='word_1_166' title='bbox 379 2701 482 2763; x_wconf 82' lang='lat' dir='ltr'><strong>Licetl</strong></span> <span class='ocrx_word' id='word_1_167' title='bbox 504 2701 664 2761; x_wconf 87' lang='lat' dir='ltr'><strong>Enimvero</strong></span> <span class='ocrx_word' id='word_1_168' title='bbox 679 2703 736 2762; x_wconf 90' lang='lat' dir='ltr'><strong>eici</strong></span> <span class='ocrx_word' id='word_1_169' title='bbox 1045 2712 1080 2764; x_wconf 80' lang='lat'><strong>20</strong></span> 
     </span>
     <span class='ocr_line' id='line_1_30' title="bbox 120 2784 957 2867; baseline 0 -19"><span class='ocrx_word' id='word_1_170' title='bbox 120 2789 223 2848; x_wconf 85' lang='lat' dir='ltr'><strong>Virum</strong></span> <span class='ocrx_word' id='word_1_171' title='bbox 237 2789 316 2848; x_wconf 91' lang='lat' dir='ltr'><strong>utin</strong></span> <span class='ocrx_word' id='word_1_172' title='bbox 331 2804 365 2845; x_wconf 89' lang='lat' dir='ltr'><strong>re</strong></span> <span class='ocrx_word' id='word_1_173' title='bbox 380 2786 474 2847; x_wconf 89' lang='lat' dir='ltr'><strong>atroci</strong></span> <span class='ocrx_word' id='word_1_174' title='bbox 488 2784 612 2862; x_wconf 74' lang='lat' dir='ltr'><strong>Magnus</strong></span> <span class='ocrx_word' id='word_1_175' title='bbox 626 2786 814 2847; x_wconf 86' lang='lat' dir='ltr'><strong>stomachans</strong></span> <span class='ocrx_word' id='word_1_176' title='bbox 827 2788 957 2867; x_wconf 89' lang='lat' dir='ltr'><strong>inperat.</strong></span> 
     </span>
     <span class='ocr_line' id='line_1_31' title="bbox 119 2869 792 2950; baseline -0.003 -18"><span class='ocrx_word' id='word_1_177' title='bbox 119 2871 197 2932; x_wconf 88' lang='lat' dir='ltr'><strong>Tum</strong></span> <span class='ocrx_word' id='word_1_178' title='bbox 210 2871 331 2950; x_wconf 92' lang='lat' dir='ltr'><strong>quidam</strong></span> <span class='ocrx_word' id='word_1_179' title='bbox 346 2871 446 2930; x_wconf 88' lang='lat' dir='ltr'><strong>senior</strong></span> <span class='ocrx_word' id='word_1_180' title='bbox 461 2887 499 2930; x_wconf 90' lang='lat' dir='ltr'><strong>ex</strong></span> <span class='ocrx_word' id='word_1_181' title='bbox 512 2869 618 2929; x_wconf 87' lang='lat' dir='ltr'><strong>amicis</strong></span> <span class='ocrx_word' id='word_1_182' title='bbox 631 2870 792 2948; x_wconf 87' lang='lat' dir='ltr'><strong>principis:</strong></span> 
     </span>
     <span class='ocr_line' id='line_1_32' title="bbox 119 2952 861 3031; baseline -0.003 -16"><span class='ocrx_word' id='word_1_183' title='bbox 119 2955 205 3016; x_wconf 88' lang='lat' dir='ltr'><strong>Hunc</strong></span> <span class='ocrx_word' id='word_1_184' title='bbox 220 2972 275 3031; x_wconf 81' lang='lat' dir='ltr'><strong>ego</strong></span> <span class='ocrx_word' id='word_1_185' title='bbox 290 2955 435 3013; x_wconf 92' lang='lat' dir='ltr'><strong>committi</strong></span> <span class='ocrx_word' id='word_1_186' title='bbox 450 2954 542 3014; x_wconf 89' lang='lat' dir='ltr'><strong>satius</strong></span> <span class='ocrx_word' id='word_1_187' title='bbox 556 2952 706 3014; x_wconf 85' lang='lat' dir='ltr'><strong>Fortunae</strong></span> <span class='ocrx_word' id='word_1_188' title='bbox 722 2952 861 3024; x_wconf 91' lang='lat' dir='ltr'><strong>arbitror,</strong></span> 
     </span>
     <span class='ocr_line' id='line_1_33' title="bbox 119 3037 865 3117; baseline -0.001 -18"><span class='ocrx_word' id='word_1_189' title='bbox 119 3039 154 3099; x_wconf 94' lang='lat' dir='ltr'><strong>ln</strong></span> <span class='ocrx_word' id='word_1_190' title='bbox 168 3057 227 3117; x_wconf 94' lang='lat' dir='ltr'><strong>quo</strong></span> <span class='ocrx_word' id='word_1_191' title='bbox 241 3040 355 3098; x_wconf 87' lang='lat' dir='ltr'><strong>iactura</strong></span> <span class='ocrx_word' id='word_1_192' title='bbox 369 3037 443 3096; x_wconf 89' lang='lat' dir='ltr'><strong>leris</strong></span> <span class='ocrx_word' id='word_1_193' title='bbox 457 3045 517 3106; x_wconf 91' lang='lat' dir='ltr'><strong>est,</strong></span> <span class='ocrx_word' id='word_1_194' title='bbox 533 3055 623 3115; x_wconf 88' lang='lat' dir='ltr'><strong>quam</strong></span> <span class='ocrx_word' id='word_1_195' title='bbox 637 3037 744 3097; x_wconf 81' lang='lat' dir='ltr'><strong>fortem</strong></span> <span class='ocrx_word' id='word_1_196' title='bbox 758 3039 865 3108; x_wconf 87' lang='lat' dir='ltr'><strong>virum,</strong></span> 
     </span>
     <span class='ocr_line' id='line_1_34' title="bbox 120 3120 1080 3196; baseline -0.001 -14"><span class='ocrx_word' id='word_1_197' title='bbox 120 3120 177 3193; x_wconf 80' lang='lat' dir='ltr'><strong>Qui</strong></span> <span class='ocrx_word' id='word_1_198' title='bbox 192 3138 264 3182; x_wconf 90' lang='lat' dir='ltr'><strong>oasu</strong></span> <span class='ocrx_word' id='word_1_199' title='bbox 277 3123 374 3181; x_wconf 87' lang='lat' dir='ltr'><strong>victus</strong></span> <span class='ocrx_word' id='word_1_200' title='bbox 388 3122 567 3181; x_wconf 89' lang='lat' dir='ltr'><strong>temeritatis</strong></span> <span class='ocrx_word' id='word_1_201' title='bbox 580 3127 609 3181; x_wconf 90' lang='lat' dir='ltr'><strong>te</strong></span> <span class='ocrx_word' id='word_1_202' title='bbox 626 3128 741 3196; x_wconf 84' lang='lat' dir='ltr'><strong>arguat.</strong></span> <span class='ocrx_word' id='word_1_203' title='bbox 1045 3130 1080 3181; x_wconf 75' lang='lat'><strong>25</strong></span> 
     </span>
     <span class='ocr_line' id='line_1_35' title="bbox 120 3204 689 3282; baseline -0.007 -15"><span class='ocrx_word' id='word_1_204' title='bbox 120 3207 254 3268; x_wconf 78' lang='lat' dir='ltr'><strong>Assensit</strong></span> <span class='ocrx_word' id='word_1_205' title='bbox 267 3204 389 3280; x_wconf 82' lang='lat' dir='ltr'><strong>Magnus</strong></span> <span class='ocrx_word' id='word_1_206' title='bbox 397 3212 434 3264; x_wconf 87' lang='lat' dir='ltr'><strong>et</strong></span> <span class='ocrx_word' id='word_1_207' title='bbox 446 3205 586 3282; x_wconf 90' lang='lat' dir='ltr'><strong>permisit</strong></span> <span class='ocrx_word' id='word_1_208' title='bbox 599 3204 689 3263; x_wconf 86' lang='lat' dir='ltr'><strong>militi</strong></span> 
     </span>
     <span class='ocr_line' id='line_1_36' title="bbox 119 3288 746 3365; baseline -0.01 -14"><span class='ocrx_word' id='word_1_209' title='bbox 119 3289 244 3351; x_wconf 87' lang='lat' dir='ltr'><strong>Prodire</strong></span> <span class='ocrx_word' id='word_1_210' title='bbox 260 3294 377 3356; x_wconf 76' lang='lat' dir='ltr'><strong>contra:</strong></span> <span class='ocrx_word' id='word_1_211' title='bbox 392 3288 445 3365; x_wconf 89' lang='lat' dir='ltr'><strong>qui</strong></span> <span class='ocrx_word' id='word_1_212' title='bbox 459 3288 586 3347; x_wconf 86' lang='lat' dir='ltr'><strong>mirante</strong></span> <span class='ocrx_word' id='word_1_213' title='bbox 601 3288 746 3356; x_wconf 82' lang='lat' dir='ltr'><strong>exercitu,</strong></span> 
     </span>
     <span class='ocr_line' id='line_1_37' title="bbox 119 3369 702 3449; baseline -0.009 -15"><span class='ocrx_word' id='word_1_214' title='bbox 119 3373 205 3433; x_wconf 84' lang='lat' dir='ltr'><strong>Dicto</strong></span> <span class='ocrx_word' id='word_1_215' title='bbox 220 3371 347 3433; x_wconf 87' lang='lat' dir='ltr'><strong>celerius</strong></span> <span class='ocrx_word' id='word_1_216' title='bbox 360 3371 456 3431; x_wconf 88' lang='lat' dir='ltr'><strong>hostis</strong></span> <span class='ocrx_word' id='word_1_217' title='bbox 471 3369 599 3430; x_wconf 87' lang='lat' dir='ltr'><strong>abscidit</strong></span> <span class='ocrx_word' id='word_1_218' title='bbox 612 3378 702 3449; x_wconf 89' lang='lat' dir='ltr'><strong>caput</strong></span> 
     </span>
     <span class='ocr_line' id='line_1_38' title="bbox 119 3453 860 3536; baseline 0.007 -21"><span class='ocrx_word' id='word_1_219' title='bbox 119 3457 281 3534; x_wconf 76' lang='lat' dir='ltr'><strong>Victorque</strong></span> <span class='ocrx_word' id='word_1_220' title='bbox 294 3455 395 3517; x_wconf 88' lang='lat' dir='ltr'><strong>rediit.</strong></span> <span class='ocrx_word' id='word_1_221' title='bbox 425 3455 479 3516; x_wconf 91' lang='lat' dir='ltr'><strong>His</strong></span> <span class='ocrx_word' id='word_1_222' title='bbox 494 3463 565 3516; x_wconf 89' lang='lat' dir='ltr'><strong>tunc</strong></span> <span class='ocrx_word' id='word_1_223' title='bbox 580 3453 738 3534; x_wconf 85' lang='lat' dir='ltr'><strong>Pompeius</strong></span> <span class='ocrx_word' id='word_1_224' title='bbox 752 3472 860 3536; x_wconf 81' lang='lat' dir='ltr'><strong>super:</strong></span> 
     </span>
    </p>
   </div>
   <div class='ocr_carea' id='block_1_6' title="bbox 0 0 1186 3854">
    <p class='ocr_par' dir='ltr' id='par_1_9' title="bbox 0 0 1186 3854">
     <span class='ocr_line' id='line_1_39' title="bbox 0 0 1186 3854; baseline 0 0"><span class='ocrx_word' id='word_1_225' title='bbox 0 0 1186 3854; x_wconf 95' lang='lat' dir='ltr'><strong> </strong></span> 
     </span>
    </p>
   </div>
  </div>
 </body>
</html>
