2362 3854
437 223 444 269 .
506 197 614 253 nmen
634 195 683 255 Ν.

448 347 639 406 FABVLA
660 345 741 407 XVI.

363 445 420 494 DE
439 444 591 496 effrem
607 445 827 497 BARBA‘I'IS.

154 528 284 591 Barbam
299 529 430 608 capellae
446 547 513 590 cum
528 531 728 609 inpetrassent
743 529 779 591 ab
794 530 871 600 Iove,

112 611 196 674 Hirci
211 621 380 674 maerentes
394 613 545 690 indignari
561 621 735 693 coeperunt,

112 697 197 767 Quod
213 697 387 775 dignitatern
401 691 529 757 ieniInae
545 705 721 776 aequassent
735 715 828 758 suam.

113 781 224 850 Sinite,
241 783 353 860 iuquit,
369 781 436 841 illas
450 780 545 858 gloria
558 800 633 842 vana
646 783 707 842 frui

111 864 150 925 Et
162 883 309 944 usurpare
324 866 416 925 vestri
431 871 567 925 ornatum
582 868 725 936 muneris,

110 948 202 1009 Pares
216 948 287 1008 dum
301 966 361 1009 uon
376 951 439 1009 sint
452 956 567 1009 vestrae
581 949 763 1010 fortitudini.

153 1031 216 1092 Hoc
231 1040 438 1109 argumentum
452 1039 568 1100 monet,
584 1039 619 1092 ut
631 1035 780 1094 sustineas
794 1032 852 1094 tibi

110 1113 224 1176 Habitu
238 1134 304 1177 esse
319 1115 447 1186 similes,
464 1118 515 1195 qui
531 1117 591 1176 sint
605 1117 713 1177 virtute
728 1119 859 1196 inpares.

280 1309 284 1316 .
352 1234 357 1246 '
438 1251 631 1311 unauna
653 1251 749 1310 xvu.

328 1350 386 1401 mii
403 1349 615 1401 FOR‘PVN'IS
631 1348 853 1404 HOMINVM.

152 1433 226 1496 Cum
241 1434 278 1495 de
293 1435 422 1495 fortunis
437 1435 559 1514 quidam
573 1441 751 1512 quereretur
766 1438 839 1505 suis,

109 1517 243 1597 Aesopus
257 1519 343 1578 fiuxit
357 1518 527 1579 consolandi
543 1520 652 1595 gratia:

150 1602 261 1663 Vexata
277 1605 373 1688 saepis
387 1604 470 1662 navis
484 1601 722 1681 tempestatibus,

109 1685 191 1747 luter
204 1693 358 1747 vectorum
372 1686 510 1747 lacrimas
526 1693 555 1746 et
570 1688 675 1746 mortis
690 1693 811 1756 metum,

110 1769 231 1831 Faciem
246 1770 283 1830 ad
297 1788 434 1831 serenam
450 1769 548 1830 subito
562 1776 596 1829 ut
609 1776 740 1830 mutatur
755 1770 829 1840 dies,

79 1860 84 1870 ²
110 1853 199 1914 Ferri
214 1854 354 1915 secundis
368 1861 431 1915 tuta
446 1856 545 1933 coepit
559 1853 679 1915 flatibus

110 1937 267 2017 Nimiaque
281 1946 386 1999 nautas
400 1938 550 1999 hilaritate
566 1937 716 1998 extollere.

109 2021 219 2083 Factus
232 2021 355 2100 periclis
369 2029 433 2082 tum
447 2021 630 2100 gubernator
645 2022 770 2101 sophus:

109 2105 214 2166 ‘Parce
230 2106 360 2182 gaudere
377 2112 494 2185 oportet
508 2113 538 2166 et
553 2106 664 2174 sensim
680 2106 791 2183 queri?
804 2137 848 2152 -

108 2187 214 2250 Totam
226 2207 322 2278 aeque
337 2190 427 2249 vitam
442 2191 548 2249 miscet
562 2187 646 2248 dolor
661 2194 691 2247 ct
705 2189 856 2266 gaudium.

427 2340 619 2400 FABVLA
640 2340 752 2399 XVIII.

304 2438 456 2491 cmm
472 2437 633 2489 LEGA‘I'I
648 2438 707 2487 AD
724 2437 873 2493 10qu

151 2523 245 2586 Canes
259 2525 373 2602 legatos
388 2525 458 2585 olim
472 2525 582 2584 misere
598 2522 634 2583 ad
649 2522 758 2592 Iovem,

107 2608 241 2669 Melioris
254 2610 333 2669 vitae
348 2616 466 2689 tempus
481 2615 597 2668 oratum
611 2624 691 2677 suae,

107 2692 144 2753 Vt
159 2710 224 2752 sese
240 2694 372 2772 eriperet
387 2693 542 2754 hominum
557 2691 754 2761 contumeliis,

107 2775 288 2837 Furfuribus
303 2777 360 2838 sibi
376 2794 568 2857 conspersum
583 2775 661 2856 quod
676 2793 783 2854 panem
798 2775 904 2836 darent

107 2860 251 2939 Fimoque
266 2862 347 2940 turpi
362 2863 489 2921 maxime
504 2859 659 2939 explerent
671 2859 790 2918 famem.

106 2943 239 3004 Profecti
255 2951 324 3004 sunt
337 2944 427 3022 legati
442 2963 503 3006 uon
518 2943 609 3003 celeri
623 2942 709 3021 pede,

106 3026 184 3088 Dum
198 3028 322 3089 naribus
336 3035 507 3089 scrutantur
521 3044 619 3087 escam
633 3026 665 3085 in
679 3033 823 3088 stercore.

107 3111 197 3173 Citati
211 3129 272 3171 non
286 3112 476 3192 respondent.
505 3112 561 3171 Vix
576 3109 695 3169 tandem
709 3111 825 3171 invenit

107 3193 166 3255 Eos
181 3194 347 3257 Mercurius
361 3203 392 3257 et
405 3197 540 3257 turbatos
555 3193 693 3255 adtrahit.

100 3276 183 3338 'Tum
198 3295 269 3338 vero
283 3279 395 3340 vultum
410 3282 509 3358 magni
524 3286 558 3340 ut
567 3273 711 3338 'viderunt
725 3277 813 3348 Iovis,

82 3362 84 3366 ’
106 3359 213 3423 Totam
226 3364 366 3424 timentes
381 3370 579 3425 concacarunt
593 3364 723 3440 regiam;

148 3445 287 3526 Propulsi
301 3464 372 3508 vero
385 3447 515 3509 fustibus
529 3446 639 3508 vadunt
652 3447 743 3507 foras.
