2362 3854
493 211 685 269 APPENDIX.

108 363 250 426 Custodes
266 362 372 425 dantur
386 363 497 425 milites
512 363 687 424 cadaverum

108 447 330 509 Monumentum
344 449 440 517 iuxta,
456 447 565 509 mulier
579 465 638 526 quo
652 464 684 506 se
700 445 869 508 incluserat

108 531 273 611 Aliquando
287 532 391 592 sitiens
405 549 483 592 unus
497 531 533 592 de
549 529 721 592 custodibus

108 617 221 694 Aquam
235 617 350 693 rogavit
363 615 460 676 media
475 622 561 675 noete
577 613 754 683 ancillulam,

109 698 190 768 Quae
204 698 280 761 lorte
296 699 432 760 dominae
447 707 519 761 tunc
533 696 696 759 adsistebat
710 715 781 758 suae

109 781 275 844 Dormitum
290 784 389 852 eunti;
404 784 531 861 namque
545 780 755 843 lucubraverat

108 865 147 926 Et
160 884 254 946 usque
270 869 302 927 in
316 884 416 927 serum
429 867 546 944 vigilias
560 865 748 945 perduxerat.

108 948 232 1010 Paulum
247 949 373 1011 reclusis
385 950 500 1011 loribus
515 950 601 1010 miles
618 949 765 1029 prospicit

108 1033 255 1113 Videtque
270 1041 300 1095 et
315 1051 433 1110 aegram
458 1042 488 1093 et
509 1033 586 1095 facie
601 1033 724 1111 pulchra
739 1033 891 1093 seminam.

109 1117 270 1196 Correptus
285 1119 400 1178 animus
414 1117 483 1178 ibeo
499 1116 689 1178 succenditur

108 1199 147 1261 Et
160 1203 258 1262 uritur
273 1203 385 1262 sensim
399 1203 563 1280 inpotentis
579 1200 736 1279 cupiditas.

110 1284 221 1346 Sollers
236 1302 359 1346 acumen
374 1285 455 1345 mille
474 1303 578 1346 causas
592 1287 714 1355 invenit,
778 1358 782 1367 ¹

108 1368 167 1428 Per
181 1386 255 1447 quas
268 1368 370 1429 videre
388 1378 489 1447 posset
503 1369 620 1430 viduam
635 1369 764 1448 saepius.
873 1380 877 1386 ·

110 1452 265 1513 Cotidiana
280 1458 366 1531 capta
380 1452 594 1513 consuetudine

108 1534 253 1597 Paulatim
267 1536 345 1596 lacta
360 1542 406 1595 cst
420 1536 550 1596 advenae
565 1535 758 1611 submissior;

108 1617 175 1679 llox
190 1621 301 1680 artiore
315 1620 411 1679 vinxit
425 1621 556 1679 animum
570 1619 685 1698 copula.

109 1702 165 1763 llic
180 1703 250 1763 dnm
265 1701 413 1763 consumit
427 1710 529 1763 noctes
543 1709 642 1763 custos
657 1701 792 1779 diligens,

109 1785 317 1848 Desideratum
332 1793 377 1846 est
392 1805 500 1866 corpus
514 1805 551 1847 ex
565 1805 624 1847 una
639 1804 737 1847 cruce.

109 1865 259 1930 Turbatus
272 1870 359 1930 miles
373 1871 483 1932 lectum
498 1873 619 1950 exponit
636 1870 764 1931 mulieri.

109 1953 146 2014 At
159 1960 261 2015 saneta
275 1953 399 2014 mulier:
430 1955 496 2014 Non
511 1961 557 2014 est
571 1954 650 2033 qnod
664 1957 784 2024 timeas,
800 1955 850 2025 ait,
911 1960 914 1966 ’

109 2036 230 2115 vlrique
245 2055 354 2117 corpus
367 2038 460 2097 tradit
473 2037 622 2115 figendum
636 2039 728 2108 cruci,

109 2119 153 2180 Ne
169 2118 274 2181 subeat
288 2121 337 2181 ille
353 2139 463 2200 poenas
480 2120 695 2197 neglegentiae.

110 2203 159 2264 Sic
172 2205 327 2284 turpitudo
341 2204 438 2266 laudis
453 2203 569 2264 obsedit
582 2202 689 2264 locum.

438 2354 631 2433 suevus
651 2352 733 2415 mu.

149 2453 237 2505 DVO
255 2453 445 2504 wvms
463 2452 613 2505 SPONSI
629 2451 758 2505 DIVES
774 2452 830 2504 ΕΤ
846 2453 1028 2508 PAVPEB.

171 2533 324 2588 Fortunam
339 2532 482 2588 interdum
498 2534 613 2602 praeter
629 2550 708 2602 spem
724 2533 883 2588 hominibus
899 2534 1004 2590 favere.

117 2616 127 2683 ζ’
149 2621 243 2683 Vnam
257 2620 438 2701 expetebant
451 2623 598 2699 virginem
613 2625 735 2683 iuvenes
750 2622 823 2693 duo;

109 2704 185 2766 Vicit
198 2704 331 2784 locuples
344 2722 439 2784 genus
454 2713 484 2767 et
497 2707 623 2767 sormam
637 2707 788 2784 pauperis.

107 2788 145 2848 Vt
158 2791 329 2869 nuptiarum
344 2789 442 2850 dictus
457 2789 576 2850 advenit
590 2789 663 2859 dies,

108 2872 217 2932 Amans
231 2872 364 2933 dolorem
378 2874 448 2951 quia
463 2892 522 2933 non
537 2879 654 2953 poterat
667 2875 793 2953 perpeti,
862 2938 864 2943 ,

107 2954 242 3016 Maerens
256 2958 440 3035 propinquos
455 2957 580 3036 contulit
593 2975 626 3016 se
640 2957 673 3016 in
687 2957 830 3028 hortulos,
1050 2965 1068 3017 b

108 3036 187 3107 Quos
201 3038 279 3100 ult'ra
294 3039 382 3119 paulo
397 3038 465 3099 villa
481 3038 551 3100 ditis
565 3038 720 3118 splendida

108 3122 180 3182 Erat
194 3130 352 3202 acceptura
367 3125 515 3200 virginem
529 3141 546 3183 e
562 3124 665 3183 matris
679 3124 757 3194 sinu,

107 3203 216 3265 Parum
231 3205 327 3285 ampla
342 3209 374 3267 in
388 3205 463 3267 urbe
478 3209 540 3268 visa
556 3205 634 3286 quod
649 3207 748 3267 luerat
762 3207 877 3270 domus.

106 3287 218 3367 Pompa
233 3290 412 3367 explicatur,
427 3290 515 3351 turba
530 3293 683 3353 concurrit
695 3292 847 3370 frequens,

106 3370 145 3432 Et
159 3372 346 3449 coniugalem
359 3373 484 3452 praebet
498 3375 686 3454 Hymenaeus
699 3376 806 3436 lacem.
1033 3380 1068 3435 10

108 3455 224 3516 Asellus
238 3462 351 3527 autem,
367 3459 420 3537 qui
435 3456 549 3520 solebat
562 3460 689 3539 pauperi
768 3507 773 3515 .
