2362 3854
116 219 137 285 6
395 226 556 282 PHAEDRI
575 220 798 282 FABVLARVM

116 371 197 444 Quae
213 373 282 434 dum
297 381 438 453 paventes
453 376 549 435 exitus
564 381 650 435 notos
663 382 777 453 petunt,

115 457 421 536 Leonisadlligunlur
434 454 585 519 horrendo
600 460 726 536 inpetu·
824 497 827 505 ·

115 539 172 611 Qui
186 548 342 622 postquam
357 542 447 604 caede
462 542 561 602 fessus
577 549 639 611 est,
657 543 772 602 asinum
787 550 889 603 evocat

114 623 257 705 Iubetque
272 643 373 687 vocem
388 643 536 704 premere.
567 625 651 686 'Iunc
666 626 717 687 ille
733 627 879 687 insolens:

114 708 214 778 Qualis
227 709 344 770 videtur
359 727 449 788 opera
464 708 521 770 tibi
536 711 618 768 vocis
631 710 734 769 meaei

113 792 259 871 Insignis,
275 788 388 872 inquit,
404 795 448 853 sic
462 800 509 861 ut,
525 794 584 852 nisi
599 810 716 854 nossem
730 800 815 853 tuum

113 877 251 938 Animum
266 893 433 956 genusque,
450 875 542 937 simili
556 876 701 953 fugissem
715 886 807 937 metu.

455 1025 645 1086 unsrun
665 1027 733 1086 nn.

368 1124 535 1176 OERVVS
551 1125 610 1176 AD
626 1124 812 1177 FONTEM.

100 1257 104 1264 .
152 1207 295 1269 Laudatis
309 1209 444 1278 utiliora,
461 1226 537 1288 quae
552 1212 775 1288 contempseris,

112 1291 206 1370 Saepe
222 1293 349 1352 inveniri
364 1292 438 1353 haec
454 1293 560 1353 asserit
573 1295 715 1354 narratio.
885 1351 892 1364 ,

152 1375 197 1435 nd
211 1376 324 1437 fontem
339 1393 458 1446 cervus,
474 1394 542 1436 cum
556 1375 697 1446 bibisset,
713 1379 827 1439 restitit

111 1458 148 1519 Et
163 1461 195 1519 in
209 1459 326 1538 quuore
340 1459 415 1521 vidit
430 1461 558 1538 effigiem
573 1478 667 1521 suam.
687 1470 690 1485 '

110 1542 157 1603 Ibi
173 1543 242 1603 dum
257 1560 373 1604 ramosa
387 1545 498 1605 mIrans
512 1544 613 1605 laudat
627 1560 737 1605 cornua

111 1626 297 1706 Crurumque
312 1629 434 1688 nimiam
449 1631 626 1690 tenuitatem
639 1629 797 1706 vituperat,

110 1707 275 1771 Venantum
289 1710 388 1772 subito
403 1711 525 1773 vocibus
539 1713 719 1772 conterritus
875 1783 878 1788 .

110 1794 167 1854 Per
182 1811 318 1872 campum
333 1796 437 1872 fugere
453 1797 552 1872 coepit
565 1802 596 1855 et
610 1811 699 1854 cursu
712 1792 770 1854 levi

110 1878 203 1939 Canes
218 1876 317 1938 elusit.
348 1878 426 1940 SIlva
441 1885 503 1938 tum
519 1878 637 1953 excepit
650 1876 757 1951 ferum,

109 1960 143 2020 ln
159 1979 216 2040 qua
230 1964 356 2022 retentis
371 1960 521 2039 mpeditus
535 1957 676 2018 cornibus

109 2044 248 2106 Lacerari
263 2048 362 2123 coepit
375 2041 524 2104 morsibus
539 2043 635 2103 saeris
650 2059 766 2103 canum.

109 2127 193 2188 Tunc
207 2130 339 2189 moriens
353 2143 455 2186 vocem
468 2125 545 2186 hanc
561 2125 690 2187 edidisse
705 2126 831 2189 dicitur:

109 2210 133 2272 0
149 2230 196 2272 me
212 2210 377 2273 infelicem!
398 2213 450 2289 qui
465 2227 544 2270 nunc
559 2209 678 2271 demum
691 2208 843 2288 Intellego,

108 2294 199 2357 Utilia
212 2294 288 2355 mihi
302 2311 391 2372 quam
404 2294 531 2362 fuerint,
548 2311 624 2373 quse
640 2293 842 2373 despexeram,

108 2377 153 2448 Et,
170 2396 245 2458 quae
259 2377 428 2449 laudaram,
444 2384 586 2456 quantum
600 2377 696 2438 luctus
710 2377 881 2440 habuerint.

439 2527 634 2587 FABVLA
654 2528 737 2588 XIII.

253 2642 258 2651 ·
370 2623 537 2693 meme
554 2625 609 2676 mn
627 2625 803 2677 convvs.

148 2709 207 2781 Qui
221 2727 255 2772 se
268 2707 384 2772 laudari
398 2710 507 2788 gaudet
522 2708 621 2770 verbis
637 2709 778 2780 subdolis,

108 2794 180 2856 Sera
194 2793 246 2854 dat
259 2811 370 2874 poenas
384 2800 488 2873 turpes
502 2795 696 2873 poenitentia.

106 2878 113 2884 ”
149 2878 222 2940 Cum
237 2877 273 2938 de
288 2877 419 2939 fenestra
433 2895 539 2940 corvus
554 2884 671 2957 raptum
686 2893 805 2939 caseum

107 2963 244 3022 Comesse
259 2960 362 3030 vellet,
378 2961 455 3022 celsa
471 2961 606 3023 residens
620 2962 737 3032 arbore,
904 3005 908 3012 -

106 3044 216 3125 Vulpes
229 3045 309 3106 bunc
323 3044 413 3115 vidit,
430 3044 537 3107 deinde
553 3047 597 3106 sic
611 3047 710 3125 coepit
723 3044 820 3123 loqui:

107 3128 131 3190 0
146 3130 198 3207 qui
212 3136 344 3200 tuarum,
361 3147 462 3199 corve,
478 3147 643 3207 pennarum
658 3135 704 3189 est
718 3128 813 3188 nitor!

106 3210 254 3282 Quantum
269 3213 387 3273 decoris
403 3229 527 3292 corpore
542 3218 574 3272 et
587 3211 668 3272 vultu
682 3211 778 3289 geris!

107 3295 139 3356 Si
154 3313 256 3356 vocem
269 3295 411 3366 haberes,
427 3296 506 3356 nulla
520 3297 604 3374 prior
619 3294 680 3355 ales
693 3294 782 3356 foret.

106 3381 143 3440 At
157 3380 207 3441 ille
223 3379 343 3450 stultus,
359 3379 429 3440 dum
443 3379 505 3439 vult
518 3395 620 3439 vocem
634 3378 816 3449 ostendere·

99 3463 213 3524 Emisit
227 3481 279 3523 ore
294 3479 427 3533 caseum,
444 3479 533 3544 quem
547 3461 688 3524 celeriter
