2362 3854
110 163 178 255 vm'
306 195 530 251 bennenom
543 194 692 251 muner
710 193 877 251 screnus.

109 348 141 405 in
156 347 201 406 eis
216 363 291 424 qnae
309 345 465 407 codicibus
479 345 643 408 Pithoeano
656 346 857 424 Remensique
873 350 903 404 et
917 342 1070 404 Perottino

109 437 265 490 servantur
284 431 366 507 leges
380 433 522 492 metricae
538 429 575 491 ab
591 440 711 514 auctore
726 447 840 490 summa
855 445 923 489 cum
939 427 1070 488 sollertia

109 512 282 594 observatae
297 516 384 595 plene
400 518 586 595 optinerent,
611 533 684 594 quas
698 514 769 574 ilico
783 516 843 574 iam
857 529 1069 592 proponemus,

494 617 681 677 Breviarium

401 702 543 776 metricae
562 702 636 760 artis
654 698 783 759 Phaedri

238 779 290 862 [ex
308 783 380 844 libri
400 783 437 844 de
457 802 490 845 re
512 786 637 846 metrica
657 783 799 863 opusculo
819 779 942 861 primo].

171 882 324 944 Phaedrus
344 892 377 945 ut
398 887 522 962 inpuros
541 888 708 954 trimetros,
728 903 789 944 non
809 901 860 944 eos
874 885 926 962 qui
940 882 1069 959 tragico·

108 984 176 1028 rum
189 967 321 1046 dtrgusto
336 970 504 1047 aequalium
520 969 684 1048 Catullique
705 987 739 1029 ac
754 966 889 1029 Bibaculi
909 975 939 1028 et
952 966 1069 1026 Horatii

108 1069 166 1112 usu
180 1051 410 1123 increbuerunt,
434 1055 518 1132 operi
538 1052 709 1124 adhiberet,
737 1055 920 1113 comicorum
935 1058 1068 1111 veterum

108 1134 253 1197 adductus
274 1153 339 1197 esse
359 1144 457 1215 potest
472 1138 567 1198 videri
582 1135 728 1217 exemplo.
754 1136 804 1215 ¹lli
818 1138 899 1196 enim
913 1167 956 1182 ·-
970 1152 1068 1212 gram·

108 1221 285 1280 matieorum
304 1218 480 1280 Latinorum
501 1221 619 1300 placitis
642 1223 667 1280 si
689 1220 788 1280 credis
806 1251 849 1266 ·-
874 1225 909 1279 ut
930 1236 1006 1301 quae
1026 1217 1068 1277 lo·

108 1311 242 1381 quuntur
261 1313 378 1381 sumpta
400 1303 436 1364 de
456 1306 516 1364 vita
535 1311 623 1383 putes
644 1306 750 1365 vitiant
771 1302 903 1363 iambum
923 1300 1069 1363 tractibus

108 1386 287 1465 spondiacis.
316 1386 494 1466 Plerumque
509 1396 609 1448 tamen
625 1387 729 1449 dubito
745 1405 783 1448 an
798 1387 867 1466 Syri
884 1389 985 1466 potius
1000 1403 1067 1446 sen·

108 1472 269 1530 tentiarum
288 1477 442 1549 quactum
456 1474 584 1532 maxime
605 1475 637 1532 in
652 1489 704 1532 ore
726 1478 812 1532 erant
826 1471 992 1540 hominum,
1016 1487 1068 1529 au·

108 1555 243 1614 ctoritate
264 1555 416 1633 inpulsum
431 1555 559 1616 eundem
573 1564 691 1635 putem,
707 1562 742 1616 ut
757 1555 853 1616 simile
868 1571 963 1636 genus
975 1554 1068 1614 'metri

107 1639 140 1697 in
160 1639 285 1698 materia
305 1638 385 1699 haud
407 1641 448 1699 ita
474 1639 591 1700 diversa
613 1639 779 1701 adhiberet.
827 1639 887 1699 Sed
906 1646 1068 1716 utcumque

107 1738 157 1780 res
170 1720 276 1790 habet,
299 1739 405 1800 magna
421 1730 502 1783 certe
518 1742 585 1784 cum
606 1742 678 1785 cura
698 1723 836 1802 expolitis
850 1725 945 1784 utitur
958 1720 1068 1783 iambis

107 1804 187 1865 idem
208 1808 238 1865 et
259 1807 311 1884 qui
332 1824 348 1866 a
365 1803 464 1867 Plauti
484 1814 514 1868 et
530 1807 665 1868 Terentii
687 1807 806 1886 placitis
826 1808 987 1886 plurimum
1010 1806 1067 1866 dil-

108 1888 218 1948 ierant.
261 1887 336 1949 Nam
359 1897 388 1950 et
408 1890 465 1950 hoc
479 1892 590 1952 acriter
612 1894 730 1969 vitavit,
755 1910 793 1952 ne
815 1910 919 1952 versus
940 1892 1067 1951 nimium

107 1980 303 2048 gravarentur
318 1991 409 2034 onere
425 1975 638 2053 spondeorum,
663 1994 736 2054 quos
751 1974 860 2036 iambis
873 1974 999 2053 aliisque
1014 1991 1067 2053 pe·

73 2076 75 2081 ·
108 2053 195 2116 dibus
221 2056 419 2135 frequentatis
444 2059 608 2137 prudenter
633 2062 827 2139 temperavit,
864 2066 894 2119 et
918 2061 1066 2135 insignem

107 2141 188 2200 circa
208 2139 363 2201 solvendas
383 2143 460 2202 arsis
474 2143 521 2204 vel
538 2143 630 2205 thesis
644 2161 701 2204 nec
715 2145 814 2204 minus
829 2145 911 2204 circa
926 2143 1067 2203 elisiones

107 2229 138 2284 et
152 2225 303 2302 synizeses
318 2223 455 2285 adhibuit
470 2227 665 2304 diligentiam.

169 2306 272 2387 Itaque
293 2326 349 2386 per
369 2326 472 2370 omues
491 2319 591 2389 partes
606 2313 695 2372 metri
716 2318 838 2389 excepta
856 2310 959 2371 ultima
978 2327 1067 2388 spon·

108 2390 173 2451 deis
193 2398 224 2450 et
244 2390 353 2452 iambis
367 2396 556 2471 promiscuus
577 2413 648 2456 usus
669 2394 767 2464 adest,
790 2413 824 2455 ea
839 2401 938 2455 tamen
953 2395 1019 2472 lege
1035 2399 1068 2453 ut

107 2476 210 2553 quinto
225 2474 301 2552 pede
316 2478 416 2554 potior
430 2479 470 2538 sit
484 2478 643 2556 spondeus.
688 2477 800 2538 Tamen
821 2483 851 2538 et
870 2477 915 2539 ibi
935 2479 1067 2539 admitti·

107 2565 156 2618 tur
170 2556 288 2618 iambus
302 2561 328 2619 si
343 2563 523 2622 terminetur
542 2580 645 2622 versus
668 2559 809 2622 vocabulo
824 2561 891 2640 plus
908 2581 998 2642 quam
1012 2563 1068 2624 tri·

106 2639 217 2720 syllabo
231 2642 311 2704 velut
324 2645 366 2704 ita
516 2722 519 2726 .
583 2717 586 2722 ‚

307 2745 398 2789 ranae
412 2736 552 2806 vagantes
565 2728 672 2790 liberis
685 2728 854 2807 paludibus.

105 2826 140 2886 In
154 2825 231 2887 hano
246 2829 334 2888 etiam
349 2829 500 2890 licentiam
515 2846 688 2890 concessere
703 2847 818 2900 versus,
835 2833 866 2890 in
881 2830 991 2911 quibus
1006 2851 1068 2894 am·

105 2909 289 2988 pbibrachus
309 2912 356 2972 vel
376 2915 503 2974 creticus
523 2931 591 2974 cum
610 2913 811 2994 monosyllabo
831 2916 1006 2996 insequente
1020 2917 1069 2978 vel

105 2994 303 3072 praecedente
319 2997 488 3058 coalescunt
501 2999 533 3057 in
548 3016 657 3058 unum:

233 3079 296 3150 odi,
320 3081 433 3160 inquit,
449 3080 533 3142 illum
548 3084 619 3161 quia
633 3081 720 3142 malis
734 3083 847 3143 amicus
861 3089 918 3144 est.

232 3163 350 3242 trepide
365 3182 545 3225 concursans
560 3172 703 3244 occupata
718 3166 749 3226 in
764 3169 835 3227 otio.

99 3259 198 3323 'Recte
214 3265 304 3323 etiam
318 3265 350 3324 in
365 3264 423 3324 fine
444 3265 599 3344 copulatur
613 3266 772 3327 trochaeus
786 3286 855 3328 cnm
869 3270 997 3331 cretico:

232 3349 314 3407 canis
328 3351 500 3427 parturiens
514 3368 582 3410 cum
596 3357 731 3428 rogasset
744 3350 878 3413 alteram.

106 3445 165 3506 Sed
179 3448 303 3507 minime
317 3448 389 3509 licet
403 3451 540 3528 quintum
554 3451 662 3531 pedem
676 3451 823 3514 contineri
837 3450 930 3513 verbo
945 3454 977 3512 in
991 3454 1065 3514 iam·
