2362 3854
106 201 151 268 22
388 208 550 263 PHAEDRI
570 208 804 264 FABVLARVM.

109 358 242 436 Aesopus
256 357 300 418 ibi
314 365 409 428 stans,
426 361 507 420 naris
522 367 676 420 emunctae
691 376 790 428 senex,

110 441 221 502 Natura
236 460 396 522 numquam
411 440 566 503 verbacui
581 445 678 522 potuit
693 443 775 503 dare:

110 525 142 585 Si
157 543 320 604 procurare
336 528 382 588 vis
397 534 560 596 ostentum,
576 529 699 596 rustice,

109 609 236 680 onres,
253 611 365 690 inquit,
382 611 418 671 da
434 613 494 671 tuis
509 611 690 690 pastoribus.

454 762 649 823 FABVLA
671 762 724 822 IV.

388 859 547 913 Lamus
564 861 619 911 ET
637 860 793 914 SIMIVS.

151 945 286 1007 Pendere
303 945 339 1006 ad
354 945 466 1008 lanium
481 947 601 1024 quidam
616 947 691 1007 vidit
706 949 834 1017 slmium,

109 1029 192 1090 lnter
206 1031 334 1091 relicuas
348 1048 464 1092 merces
478 1037 566 1110 atque
581 1033 721 1110 opsonia;

110 1112 276 1183 Quaesivit,
293 1114 434 1194 quidnam
449 1115 586 1193 saperet?
616 1113 692 1174 'lum
707 1115 803 1175 lanius
817 1117 934 1175 iocans:

110 1196 216 1267 Quale,
232 1200 345 1278 inquit,
361 1207 449 1278 caput
464 1205 524 1267 est,
541 1198 609 1259 talis
623 1205 791 1277 praestatur
806 1217 903 1279 sapor.

151 1281 286 1342 Ridicule
301 1284 396 1360 magis
410 1283 466 1343 hoc
481 1282 594 1342 dictum
610 1300 698 1361 quam
712 1300 781 1341 vere
797 1285 939 1353 aestimo;

110 1364 234 1435 Quando
250 1373 280 1425 et
293 1365 439 1427 formosos
453 1383 541 1444 saepe
557 1368 657 1426 inveni
673 1369 830 1444 pessimos

110 1449 147 1509 Et
161 1452 243 1528 turpi
258 1451 333 1511 facie
348 1450 457 1511 multos
472 1452 595 1527 cognovi
610 1450 747 1529 optimos.

468 1601 659 1661 FABVLA
680 1601 718 1661 V.

333 1699 522 1751 Amsorvs
539 1700 595 1751 Eu
613 1699 849 1753 PE'PVLANS.

153 1785 315 1846 Successus
330 1786 366 1845 ad
381 1787 548 1864 perniciem
563 1786 671 1845 multos
686 1785 816 1845 devocat.

110 1870 224 1948 Aesopo
239 1869 359 1949 quidam
373 1868 510 1947 petulans
524 1868 653 1948 lapidem
668 1871 833 1946 inpegerat.

110 1952 219 2022 Tanto,
236 1955 348 2033 inquit,
364 1952 483 2012 melior!
513 1953 616 2014 Assem
631 1953 738 2012 deinde
754 1953 796 2013 illi
813 1953 904 2024 dedit,

111 2036 161 2096 Sic
175 2045 364 2117 prosecutus:
393 2036 464 2097 Plus
478 2054 537 2097 non
551 2036 647 2097 habeo
661 2036 840 2106 mehercule,

111 2120 187 2191 Sed,
203 2121 281 2182 unde
297 2123 432 2199 accipere
448 2123 558 2201 possis,
574 2119 745 2181 monstrabo
759 2120 826 2182 tibi.

110 2205 199 2266 Venit
212 2222 282 2266 ecce
298 2206 379 2265 dives
395 2212 425 2265 et
438 2214 557 2285 potens:
581 2206 650 2265 huic
665 2205 803 2265 similiter

110 2289 243 2369 Impinge
258 2289 387 2368 lapidem
402 2297 432 2349 et
448 2290 570 2366 dignum
585 2291 713 2368 accipies
728 2291 905 2368 praemium.

110 2373 274 2434 Persuasus
288 2373 337 2433 ille
352 2373 439 2442 lecit,
456 2373 534 2452 quod
550 2375 680 2434 monitus
694 2373 766 2442 iuit;

112 2457 170 2517 Sed
185 2475 254 2536 spes
268 2456 375 2517 lelellit
389 2457 583 2536 inpudentem
599 2457 767 2518 audaciam:

74 2553 75 2556 ’
112 2541 299 2620 Conprensus
313 2559 439 2619 namque
455 2559 566 2620 poenas
579 2541 722 2620 persolvit
737 2549 836 2601 cruce.

482 2690 674 2751 FABVLA
695 2693 749 2755 VI.

379 2789 542 2840 MvscA
568 2790 628 2840 M
655 2789 800 2842 MVLA.

151 2876 250 2936 llusca
264 2876 296 2936 in
310 2883 426 2936 temone
442 2875 520 2937 sedit
535 2882 565 2934 et
579 2875 688 2936 mulam
702 2877 877 2955 increpans:

106 2959 202 3030 Quam
217 2959 303 3020 tarda
318 2959 364 3020 es!
387 2961 499 3038 inquit,
516 2977 574 3019 non
589 2961 633 3020 vis
648 2962 737 3021 citius
752 2958 911 3039 progredi?

110 3044 197 3113 Vide,
214 3061 252 3103 ne
268 3043 372 3104 dolone
387 3044 495 3106 collum
509 3061 694 3122 conpungam
709 3042 776 3103 tibi.

109 3127 275 3206 Respondit
289 3126 353 3187 illa:
383 3126 490 3188 Verbis
505 3145 564 3188 non
579 3144 698 3188 moveor
713 3128 789 3197 tuis;

111 3211 169 3272 Sed
184 3215 274 3272 istum
288 3215 393 3280 timeo,
410 3211 481 3271 sella
496 3214 547 3289 qui
562 3212 658 3290 prima
673 3210 780 3271 sedens
804 3246 807 3253 .

110 3295 213 3373 lugum
228 3294 343 3372 flagello
358 3301 503 3373 temperat
522 3295 603 3354 lento
617 3312 716 3355 meum

110 3379 148 3453 Et
162 3397 213 3439 ora
227 3380 322 3440 irenis
337 3381 468 3439 continet
483 3377 697 3456 spumantibus,

110 3462 296 3543 Quapropter
311 3464 394 3524 auler
408 3461 545 3524 frivolam
560 3463 766 3534 insolentiam:
