2362 3854
378 221 487 278 LIBER
507 221 542 277 V.
577 220 771 279 APPENDIX.
1031 219 1071 284 51

463 371 657 430 FABVLA
677 371 719 430 H.

499 468 681 521 Avcuom

333 549 398 604 Non
415 565 475 605 oeae
492 548 557 618 plus
575 565 665 635 aequo
684 548 847 619 petendum.
916 548 919 558 ’

148 638 281 707 Arbitrio
296 641 323 699 si
337 646 446 699 natura
460 639 597 698 finxisset
610 656 677 699 meo

108 721 208 783 Genus
223 722 363 791 mortale,
379 721 467 797 longe
482 721 560 781 foret
573 722 761 783 instructius:

106 805 181 866 Nam
197 813 303 865 cuncta
319 804 406 865 nobis
421 804 608 865 attribuisset
623 804 786 874 commoda,

106 888 315 968 Quaecumque
330 888 488 966 indulgens
503 888 635 950 Fortuna
650 888 772 950 animali
787 887 884 950 dedit:

105 971 263 1052 Elephanti
278 975 374 1042 vires,
392 979 422 1032 et
436 972 532 1032 leonis
547 974 691 1051 inpetum,
978 1031 981 1037 ,
1053 980 1071 1034 5

105 1056 241 1117 Cornicis
255 1073 374 1125 aevum,
391 1053 516 1133 gloriam
531 1057 610 1116 tauri
625 1058 729 1125 trucis,

104 1138 182 1219 Equi
197 1139 305 1201 velocis
321 1139 469 1219 placidam
482 1139 750 1211 mansuetudinem,

104 1222 143 1283 Et
157 1223 275 1284 adesset
288 1224 403 1284 homini
418 1240 472 1284 sua
485 1229 585 1283 tamen
600 1221 742 1285 sollertia.

105 1305 253 1368 Nimirum
267 1309 299 1367 iu
314 1307 396 1368 caelo
411 1323 512 1368 secum
525 1306 604 1368 ridet
617 1306 763 1388 Iuppiter,

104 1390 209 1468 Magno
224 1390 298 1451 haec
313 1390 437 1452 consilio
452 1393 504 1470 qui
518 1392 639 1468 negavit
652 1390 833 1461 hominibus,
1036 1399 1071 1453 10

104 1472 148 1534 Ne
164 1481 315 1553 sceptrum
329 1474 431 1535 mundi
446 1481 567 1552 raperet
580 1480 683 1549 nostra
699 1474 831 1534 audacia.

146 1555 225 1633 Ergo
240 1559 371 1617 contenti
386 1574 511 1616 munere
526 1558 631 1616 invicti
646 1556 724 1616 lovis

104 1639 215 1701 Fatalis
229 1656 322 1700 annos
336 1639 531 1700 decurramus
545 1642 702 1719 temporis,

104 1723 167 1785 Nec
181 1723 249 1804 plus
263 1740 405 1784 conemur
420 1741 509 1802 quam
523 1724 594 1784 sinit
609 1723 783 1784 mortalitas.
798 1796 805 1809 .

449 1858 643 1919 FABVLA
664 1858 721 1919 111.

231 1955 482 2007 nucumve
499 1956 554 2007 ΕΦ
572 1955 690 2008 ῙΝΔΕ
706 1955 936 2012 mma.

405 2035 448 2090 De
466 2035 565 2090 eodem
582 2034 640 2090 alie
655 2035 769 2090 fabella.

145 2123 326 2184 Mercurium
341 2122 471 2202 hospitio
486 2123 629 2183 mulieres
643 2120 714 2182 olim
729 2122 805 2184 duae
828 2116 832 2123 ’

103 2207 258 2268 lnliberali
273 2216 303 2268 et
317 2206 438 2266 sordido
450 2212 642 2285 receperant:

104 2290 235 2361 Quarum
249 2307 308 2350 una
322 2291 354 2350 in
368 2291 453 2350 cunis
468 2308 591 2368 parvum
604 2287 735 2351 babebat
748 2290 851 2362 fllium,

104 2374 248 2445 Quaestus
262 2370 399 2452 placebat
412 2372 498 2434 alteri
512 2375 711 2435 meretricius.

103 2458 182 2536 Ergo
197 2464 230 2517 ut
244 2457 375 2517 referret
389 2459 513 2534 gratiam
528 2458 636 2518 olficiis
649 2475 762 2537 parem,

103 2541 246 2602 Abiturus
261 2547 290 2602 et
304 2544 364 2601 iam
378 2540 470 2602 limma
485 2541 632 2602 excedens
647 2543 702 2601 ait:

103 2625 198 2687 Deum
212 2624 336 2696 videtis3
351 2625 481 2686 tribuam
496 2624 581 2686 vobis
595 2626 742 2704 protinus,

103 2707 188 2779 Quod
202 2726 336 2787 quaeque
351 2711 471 2788 optarit.
500 2708 594 2770 blaten
609 2708 785 2788 suppliciter
799 2719 894 2787 rogat,

103 2791 265 2852 barbatum
278 2798 312 2851 ut
326 2792 423 2851 videat
436 2799 538 2853 natum
552 2810 640 2872 quam
655 2793 786 2870 primum
801 2810 903 2863 suum;

103 2875 240 2943 Moecha,
256 2881 290 2935 ut
304 2871 445 2952 sequatur
459 2893 524 2935 sese
540 2875 680 2954 quicquid
694 2876 839 2951 tetigerit.
1032 2883 1065 2936 10

103 2960 187 3019 Volat
201 2957 379 3027 Mercurius,
395 2959 474 3017 iutro
488 2959 615 3018 redeunt
628 2958 780 3019 mulieres.

102 3040 250 3103 Barbatus
263 3041 362 3101 inians
376 3058 446 3101 ecce
460 3042 576 3117 vagitus
591 3042 660 3102 ciet.

102 3126 137 3186 ld
150 3125 229 3184 forte
243 3125 386 3184 meretrix
401 3142 469 3185 cum
482 3124 598 3185 rideret
611 3124 748 3197 validius,

103 3209 198 3271 Nares
212 3207 338 3286 replerit
351 3208 473 3279 humor,
489 3217 522 3269 ut
535 3209 602 3269 fieri
616 3209 701 3270 solet.

102 3292 272 3368 Emungere
286 3293 380 3368 igitur
394 3309 426 3351 se
441 3292 543 3353 voleus
556 3293 679 3372 prendit
690 3312 779 3356 manu

103 3374 265 3455 Traxitque
279 3374 315 3435 ad
329 3382 441 3436 terram
455 3379 520 3436 nasi
534 3375 758 3454 longitudinem,

102 3457 141 3520 Et
154 3459 242 3520 aliam
256 3458 359 3519 ridens
373 3459 439 3538 ipsa
453 3458 578 3522 ridenda
593 3463 716 3523 exstitit.

812 3556 860 3621 4¹3
