2362 3854
312 204 360 260 DE
374 205 537 260 PHAEDRI
549 204 638 260 VITA
651 205 699 260 ΕΤ
711 204 879 262 SCRIPTIS.
1024 217 1075 265 vn

113 340 228 434 Aesopo
248 355 294 416 vel
314 355 432 417 aliunde
452 356 604 417 transtulit
623 365 726 417 auctor
745 323 853 436 partim
867 356 986 417 novavit
998 357 1073 432 ipse,

11 506 12 509 ,
104 442 271 520 'aliquando
286 442 432 502 iudicium
447 442 614 510 desideres,
630 460 688 501 neo
702 460 772 501 vero
786 443 1001 521 proprietatem
1014 439 1075 515 logi

112 528 234 605 Aesopii
254 527 327 586 satis
345 535 428 586 reete
449 533 500 586 aut
520 528 708 604 perspexisse
730 535 781 585 aut
794 531 983 605 perspectam
997 525 1074 602 opti·

112 613 215 671 nuisse
230 610 348 670 videtur
367 610 456 671 idem.
499 610 553 670 Est
572 620 671 670 tamen
686 607 739 670 ubi
760 612 893 670 carmina
915 610 980 668 eius
994 607 1074 666 omni

113 694 259 771 elegantia
279 694 415 755 floreant.
459 693 576 754 Genere
601 693 721 754 dicendi
746 697 841 754 utitur
860 703 894 754 ut
913 693 1074 772 plurimum

112 778 193 839 facili
219 786 249 838 et
276 778 408 848 urbano,
442 777 600 858 aliquando
627 775 697 839 sarie
728 797 834 858 parum
865 776 987 838 subacto
1018 791 1074 835 nec

112 864 185 923 satis
204 863 282 931 laeto
302 871 353 923 aut
372 863 480 925 vivido.
522 863 555 923 ld
569 864 674 923 vitium
688 866 815 923 maxime
836 863 988 923 declarant
1006 859 1073 920 abs·

111 954 206 1006 tracta
230 939 328 1026 po'sita
353 965 408 1026 pro
433 949 582 1008 concretis
612 947 711 1027 qualia
743 947 836 1008 habes
866 945 1002 1007 versibus
1025 944 1073 1003 his

112 1033 192 1090 ‘tum
206 1029 327 1090 demum
340 1032 485 1108 ingemuit
505 1032 587 1091 corvi
602 1032 745 1111 deceptus
758 1033 878 1109 stupor’
905 1031 967 1090 ‘sic
981 1034 1074 1089 totam

111 1114 254 1194 praedam
269 1115 330 1174 sola
344 1115 511 1194 inprobitas
525 1114 664 1175 abstulit’
685 1116 763 1176 aliis.
798 1114 881 1175 Idem
901 1114 980 1195 quod
994 1111 1073 1173 haud

112 1199 154 1259 ita
168 1193 238 1258 raro
253 1215 359 1276 graeca
373 1199 515 1260 vocabula
530 1199 681 1268 adhibuit,
698 1198 866 1260 fabularum
882 1196 936 1278 per
950 1198 1074 1257 humum

19 1354 21 1361 Ι
110 1283 282 1362 repentium
298 1280 341 1357 (ut
355 1283 470 1344 Horatii
484 1283 585 1344 verbis
598 1282 676 1360 utar)
692 1287 876 1363 proprietate
897 1292 928 1342 et
941 1299 1073 1342 commu·

110 1368 160 1426 nis
179 1369 257 1427 vitae
277 1385 334 1428 usu
355 1371 427 1428 satis
449 1375 616 1429 excusatur.
659 1368 750 1428 Valde
771 1367 901 1428 excellit*
910 1367 998 1426 metri
1019 1382 1073 1445 pc·

111 1452 197 1522 ritia,
225 1459 258 1512 ut
277 1458 378 1512 tamen
397 1470 502 1512 versus
521 1455 586 1512 eius
606 1469 678 1512 cura
698 1454 886 1531 potissimum
908 1459 939 1511 et
958 1449 1071 1518 labore,

110 1553 171 1595 non
190 1534 318 1613 perinde
337 1538 436 1597 nativo
457 1535 583 1615 quodem
605 1536 706 1614 lepore
728 1533 827 1615 (quem
847 1538 958 1596 sentias
978 1535 1072 1610 magis

110 1636 200 1698 quam
221 1618 383 1699 describas)
405 1628 557 1699 praestare
578 1621 756 1680 existimem.
797 1619 856 1680 Sed
877 1619 913 1680 de
934 1619 983 1678 his
1003 1635 1072 1695 pro-

110 1705 191 1763 ximo
207 1705 305 1782 capite
320 1704 510 1764 disseremus.

51 1787 55 1794 '
174 1786 211 1846 ll.
249 1786 324 1848 Nam
350 1807 417 1849 cum
434 1787 624 1856 Teubnerus,
652 1786 816 1868 bibliopola
836 1787 1071 1856 honestissimus,

111 1886 158 1931 me
173 1880 308 1948 rogasset
327 1880 361 1932 ut
374 1872 503 1933 l‘naedri
519 1869 647 1932 Fabulae
665 1891 681 1932 a
696 1871 850 1933 Dresslero
865 1872 961 1932 editas
976 1871 1072 1932 denuo

111 1973 371 2032 recognoscerem,
392 1957 532 2036 equidem
546 1956 675 2017 maxime
689 1958 722 2017 in
737 1974 772 2017 eo
792 1956 978 2034 diligentiam
992 1958 1073 2035 posi·

110 2048 172 2099 tam
191 2039 271 2100 volui
291 2049 324 2098 ut
343 2043 467 2101 metrica
488 2058 538 2100 ars
557 2047 662 2119 poetae
678 2040 774 2120 qualis
790 2048 869 2102 esset
883 2041 1003 2122 tandem
1018 2041 1072 2101 ali·

113 2121 230 2201 quando
247 2123 336 2200 plene
362 2133 530 2202 appareret.
571 2124 674 2203 ltaque
699 2126 830 2202 prImum
851 2127 984 2185 omnium
1003 2143 1072 2203 pro·

111 2205 224 2284 mythia
245 2207 410 2266 carmInum
431 2225 447 2267 a
466 2207 586 2267 Perotto
606 2215 791 2268 servatorum
810 2211 843 2269 in
860 2217 989 2268 metrum
1003 2212 1072 2268 oon-

111 2299 190 2350 torta
219 2308 236 2349 a
265 2291 415 2352 nonnullis
442 2290 575 2370 pedestri
606 2291 733 2352 orationi
761 2295 897 2363 restItui,
928 2310 985 2353 nee
1013 2311 1073 2352 non

112 2373 228 2434 fabulas
254 2374 290 2434 de
312 2374 437 2436 Romulo
464 2375 511 2436 vel
537 2374 655 2436 aliunde
678 2377 805 2437 adscitas
833 2386 863 2437 et
884 2376 973 2437 Gudii
996 2377 1072 2438 Bur·

112 2459 214 2518 manni
233 2457 382 2521 Dressleri
408 2478 498 2539 opera
524 2459 662 2520 versibus
687 2468 822 2521 exaratas
842 2461 1074 2522 foedissimiset

113 2541 150 2602 ab
178 2550 242 2603 arte
267 2541 396 2605 Phaedri
424 2544 617 2604 alienissimis
641 2545 718 2604 eieci
744 2563 862 2616 omnes,
892 2563 961 2606 cum
985 2563 1072 2624 prae·

114 2629 218 2687 sertim
244 2644 283 2687 ue
308 2628 365 2687 hoc
385 2629 505 2707 quidem
533 2637 612 2689 esset
637 2639 789 2706 apertum,
819 2648 855 2689 ex
875 2629 966 2689 huius
985 2629 1073 2690 libris

112 2712 240 2787 integris
261 2730 298 2771 an
318 2711 436 2772 aliunde
457 2713 562 2774 ductae
586 2722 686 2773 essent
699 2713 869 2793 pleraeque.
905 2712 972 2790 lpse
992 2715 1072 2772 enim
1138 2735 1142 2738 ⁴

112 2811 151 2853 no
171 2801 349 2874 temptarem
369 2797 401 2855 in
423 2797 529 2857 melius
553 2796 619 2856 illas
642 2798 790 2875 refingere
813 2796 985 2875 prohibitus
1006 2815 1072 2857 sum

112 2880 243 2956 primum
269 2896 304 2938 eo
331 2879 410 2957 quod
435 2880 481 2939 vel
502 2883 567 2940 sine
595 2879 655 2940 illis
683 2884 754 2941 satis
779 2899 927 2960 superque
953 2899 1071 2959 poema·

113 2968 178 3020 tum
198 2969 356 3041 suppetere
371 2963 524 3025 constabat
537 2965 606 3024 usui
620 2964 803 3035 scholarum,
825 2964 932 3026 deinde
947 2964 1026 3045 quod
1040 2966 1072 3024 in

113 3052 195 3105 tanta
215 3045 389 3126 Romuliet
413 3051 552 3127 anonymi
571 3047 735 3109 Nilantiani
758 3048 897 3110 barbarie
922 3060 972 3110 aut
997 3066 1071 3109 nova

111 3146 179 3188 meo
199 3131 331 3207 periculo
352 3132 544 3211 conponenda
560 3150 624 3192 esse
639 3132 778 3194 videbam
803 3136 935 3195 carmina
960 3142 1012 3194 aut
1034 3133 1072 3202 i1·,

111 3212 171 3272 lam
185 3221 350 3275 metrorum
370 3216 591 3296 dictionumque
611 3219 805 3278 vitiositatem
819 3218 1007 3279 retinendam
1022 3223 1072 3281 cui

109 3298 230 3375 priores
243 3297 439 3361 indulserant.
469 3300 572 3380 ltaque
587 3320 709 3380 operam
722 3320 827 3363 ranam
842 3320 898 3362 nec
912 3312 964 3362 aut
977 3303 1071 3364 Phae·

111 3381 166 3440 dro
181 3388 233 3441 aut
246 3384 343 3461 ipsius
357 3383 497 3444 studiosis
510 3384 697 3463 profuturam
712 3388 771 3446 cito
785 3385 933 3447 damnarit
942 3389 1070 3448 animus.
1128 3386 1131 3393 ’

111 3464 251 3526 Ceterum
262 3484 298 3526 eo
308 3467 422 3528 maiore
434 3485 505 3527 cura
517 3470 589 3541 cavi,
604 3477 639 3530 ut
651 3471 686 3528 in
698 3471 834 3529 sinceris
842 3468 1036 3526 tutissime
1041 3472 1096 3518 est
