2362 3854
96 120 137 186 12
373 125 534 181 PHAEDRJ
553 125 776 183 sAannnvu

137 272 281 355 Vulpinos
296 274 410 336 catulos
424 275 522 354 aquila
536 275 684 354 quondam
698 274 817 336 sustulit

96 357 232 438 Nidoque
246 360 346 438 posuit
359 358 464 439 pullis,
481 375 579 419 escam
593 365 627 420 ut
641 365 809 438 carperent.

96 442 179 503 Hanc
193 450 351 522 persecuta
365 449 460 504 meter
475 460 561 503 orare
575 443 692 521 incipit,

96 525 141 588 Ne
155 532 270 587 tontum
283 527 410 587 miserae
424 527 537 587 luctum
549 528 715 605 inportaret
730 524 800 587 sibi.

97 610 281 690 Contempsit
295 609 360 679 illa,
375 618 438 671 tuta
452 611 562 689 quippe
576 612 642 689 ipso
655 609 730 670 loco.

95 693 206 774 Vulpes
221 692 258 754 ab
274 711 324 754 ara
340 695 439 772 rapuit
453 693 609 754 ardentem
622 693 717 753 lacem

96 777 259 856 'lotamque
273 776 399 838 llammis
414 775 551 838 arborem
567 777 773 847 circumdedit,

96 861 197 922 Hostis
211 859 344 921 dolorem
358 861 464 922 domno
479 862 608 921 miscens
626 862 787 938 sanguinis.

97 944 201 1024 Aquila
216 952 249 1005 ut
262 944 375 1024 periclo
389 946 494 1005 mortis
508 946 641 1023 eriperet
654 962 723 1005 suos

96 1027 262 1090 Incolumes
275 1035 362 1089 natos
376 1028 500 1109 supplex
514 1028 596 1107 vulpi
613 1027 744 1090 tradidit.

415 1177 610 1238 FABVLA
631 1176 739 1237 XXIX.

296 1274 450 1326 Asmvs
466 1274 677 1327 INRIDENS
692 1274 855 1329 APRVM.
934 1322 937 1328 .

15 1387 21 1398 ·
137 1363 315 1442 Plerumque
330 1361 413 1421 stulti
427 1362 522 1422 risum
536 1361 607 1421 dum
622 1368 741 1439 captent
755 1360 859 1431 lenem,

97 1446 185 1508 Gravi
202 1447 390 1522 destringunt
403 1444 475 1506 elios
490 1443 669 1506 contumelio

96 1530 135 1592 Et
149 1528 208 1591 sibi
222 1531 360 1590 nocivum
375 1530 524 1590 concitent
537 1527 716 1608 periculum.

138 1613 256 1675 Asellus
270 1630 342 1692 apro
357 1631 425 1674 cum
438 1613 548 1674 luisset
562 1613 681 1673 obvius:

97 1697 198 1767 Salve,
214 1697 325 1777 inquit,
340 1697 447 1758 irater.
476 1696 530 1757 llle
543 1697 702 1774 indignans
715 1695 854 1775 repudiat

97 1780 235 1842 Oiticium
250 1787 280 1840 et
294 1783 427 1858 quaerit,
442 1797 496 1841 cur
510 1781 554 1841 sic
569 1781 691 1840 mentiri
705 1780 787 1841 velit.

97 1865 205 1925 Asinus
220 1864 349 1923 demisso
363 1881 455 1942 pene:
485 1862 620 1924 Similem
635 1865 661 1924 si
675 1880 766 1941 neges

97 1947 168 2008 Tibi
182 1964 230 2006 me
246 1964 327 2015 esse,
343 1955 424 2008 certe
439 1948 537 2008 simile
552 1955 599 2007 est
612 1947 668 2008 hoc
683 1953 780 2007 rostro
793 1954 857 2007 tuo.

97 2032 176 2108 Aper
182 2066 197 2099 ,-
207 2047 275 2090 oum
289 2029 376 2090 vellet
389 2031 490 2091 iacere
503 2048 682 2108 generosum
695 2032 840 2109 inpetum,

96 2113 252 2192 Repressit
265 2115 343 2174 iram
360 2123 405 2174 et:
434 2114 543 2175 Facilis
557 2115 688 2176 vindicte
702 2122 748 2176 est
759 2113 847 2183 mihi,

98 2196 157 2259 Sed
170 2198 323 2277 inquinari
336 2197 405 2259 nolo
419 2199 525 2275 ignavo
539 2201 694 2276 sanguine.

423 2349 616 2409 sABvLA
636 2346 728 2408 XXX.

128 2445 277 2499 mnu
294 2445 554 2498 MEOEVENTES
569 2444 809 2498 unvltossvut
825 2442 1025 2498 Pisonen.

138 2530 273 2592 Humiles
286 2530 436 2601 laborant,
452 2530 505 2592 ubi
519 2536 656 2608 potentes
670 2529 826 2591 dissident.

96 2615 179 2676 liano
193 2616 225 2674 in
240 2614 347 2693 palude
362 2631 494 2695 pugnem
506 2621 661 2674 taurorum
674 2615 812 2677 intuens:

96 2698 162 2759 lleu
177 2705 286 2778 quanto
300 2697 388 2759 nobis
400 2699 491 2758 instet
504 2696 668 2775 pernicies!
690 2700 742 2758 eit.

52 2805 55 2810 ·
96 2782 282 2858 Interrogata
297 2780 334 2842 ab
350 2780 422 2852 alia,
437 2797 493 2840 cur
507 2780 563 2841 hoc
578 2781 701 2851 diceret·

96 2864 139 2926 De
153 2867 324 2944 principatu
339 2881 407 2924 cum
422 2863 467 2924 illi
483 2871 635 2926 certarent
648 2867 748 2943 gregis

96 2946 255 3028 Longeque
271 2946 307 3008 ab
322 2948 397 3027 ipsis
412 2946 557 3025 degerent
569 2951 660 3009 uitam
675 2948 780 3009 boves:

96 3031 149 3091 Est
163 3034 251 3092 statio
265 3036 401 3110 separata
416 3048 449 3091 ac
465 3031 615 3093 diversum
629 3048 740 3109 genus;

97 3114 157 3176 Sed
171 3115 275 3194 pulsus
289 3129 382 3190 regno
396 3115 527 3176 nemoris
541 3117 594 3194 qui
608 3115 785 3193 profugerit,

81 3197 216 3258 'Paludis
230 3199 262 3258 in
277 3204 392 3258 secreta
407 3200 507 3258 reniet
520 3197 644 3260 latibula
684 3214 691 3226 ·

95 3280 134 3342 Et
148 3281 334 3361 proculcatas
348 3280 466 3343 obteret
479 3281 554 3343 duro
568 3282 654 3361 pede.
1026 3289 1063 3344 lo

93 3362 138 3424 lto
154 3371 242 3444 ceput
257 3364 293 3425 ad
308 3373 443 3427 nostrum
457 3365 541 3427 iuror
555 3366 677 3428 illorum
691 3354 833 3449 pertinet.
