2362 3854
107 185 147 250 18
385 191 546 247 cuononi
567 193 791 269 uonvnnnvu

106 342 212 420 Magno
227 343 259 402 in
273 341 388 420 periclo
403 343 464 403 vita
480 350 613 404 vertetur
627 351 688 405 tua.

106 427 187 487 Haec
202 428 281 487 inter
295 428 360 505 ipse
376 426 514 487 dominus
527 446 543 487 a
558 446 631 488 cena
646 428 724 489 retlit

106 510 158 579 Et,
175 513 245 589 quia
261 517 417 589 corruptos
432 511 547 571 viderat
560 530 656 590 nuper
671 511 770 580 boves,

106 595 229 655 Accedit
244 594 280 654 ad
295 612 455 673 praesepe:
486 595 545 656 Cur
560 596 674 656 frondis
688 614 795 675 parum
811 605 865 668 est,

108 678 275 739 Stramenta
290 679 415 738 desunt?
442 677 558 739 Tollere
573 679 647 740 haec
662 698 770 740 aranea

107 761 256 832 Quantum
271 768 317 827 est
330 761 460 823 laboris?
488 762 564 823 Dum
578 772 727 825 scrutatur
743 764 866 842 singula,

108 846 194 907 Cervi
209 863 326 926 quoque
342 846 399 906 alta
415 849 604 926 conspicatur
619 866 746 918 cornua;

108 929 201 1000 Quem
216 937 374 990 convocata
393 929 478 990 iubet
493 931 589 991 occidi
604 932 714 992 familia
786 984 790 989 .

107 1014 309 1094 Praedamque
325 1013 410 1075 tollit.
440 1014 520 1074 Haec
535 1017 683 1092 significat
696 1015 805 1086 fabula,

108 1098 266 1159 Dominum
281 1097 383 1158 videre
399 1096 561 1176 plurimum
576 1101 608 1160 in
623 1099 714 1160 rebus
729 1102 800 1161 suis.

498 1247 680 1300 Avcu01c.

150 1350 258 1428 Aesopi
274 1350 396 1426 ingenio
411 1355 538 1409 statuam
550 1366 677 1427 posuere
692 1351 783 1413 Attici

109 1433 293 1512 Servumque
310 1433 490 1493 collocarunt
505 1440 625 1493 aeterna
640 1435 672 1494 in
687 1433 762 1503 basi,

108 1517 215 1577 Patere
224 1517 342 1578 honoris
351 1518 463 1577 scirent
478 1524 511 1577 ut
525 1516 639 1577 cunctis
658 1518 734 1576 viam

110 1601 171 1662 Nec
186 1602 289 1678 generi
304 1599 413 1670 tribui,
429 1601 482 1660 sed
496 1602 613 1670 virtuti,
630 1600 765 1678 gloriam.

110 1684 254 1755 Quoniam
268 1692 428 1764 occuparat
442 1684 530 1754 alter,
547 1702 585 1744 ne
599 1688 714 1763 primus
728 1686 832 1756 forem,

110 1768 153 1830 Ne
170 1766 251 1828 solus
265 1777 358 1838 esset,
375 1769 489 1838 studui;
506 1768 586 1848 quod
600 1769 763 1847 superfuit:

110 1852 172 1913 Nec
186 1851 260 1912 haec
274 1853 399 1919 invidia,
417 1869 518 1912 verum
534 1857 580 1911 est
594 1851 760 1913 aemulatio.

111 1934 194 2005 Quod
210 1937 236 1995 si
251 1934 347 1995 labori
361 1935 468 1996 faverit
481 1935 598 1995 Latium
612 1952 688 2004 meo,

111 2020 215 2080 Plures
228 2018 366 2088 habebit,
383 2037 457 2098 quos
471 2026 600 2098 opponat
615 2018 768 2081 Graeciae.

111 2103 145 2164 Si
158 2103 233 2164 livor
248 2102 415 2163 obtrectare
430 2121 532 2164 curam
546 2103 681 2173 voluerit,

111 2186 177 2249 Non
191 2195 291 2248 tamen
306 2189 414 2266 eripiet
428 2187 524 2248 laudis
538 2190 760 2250 conscientiam.

113 2271 145 2331 Si
160 2279 296 2332 nostrum
311 2271 441 2332 studium
456 2271 493 2331 ad
507 2289 595 2332 aures
609 2271 704 2332 cultas
717 2272 856 2352 pervenit

112 2355 150 2416 Et
164 2362 227 2415 arte
241 2356 326 2415 fletae
340 2357 456 2415 animus
471 2356 562 2416 sentit
575 2353 700 2426 fabulas,

113 2438 237 2500 Omnem
252 2438 402 2517 querelam
418 2438 574 2499 submovet
587 2439 724 2500 lelicitas.

114 2523 166 2583 Sin
181 2530 280 2584 autem
294 2522 398 2583 doctus
411 2522 470 2582 illis
484 2524 617 2583 occurrit
629 2522 724 2593 labor,

114 2606 239 2667 Sinistra
254 2624 329 2685 quos
342 2608 374 2666 in
388 2604 483 2667 lucem
498 2613 603 2667 natura
618 2605 723 2667 extulit

115 2688 192 2770 [Nec
206 2691 365 2770 quicquam
379 2696 503 2768 possunt
517 2691 576 2750 nisi
590 2689 729 2769 meliores
744 2686 894 2770 carpere]

113 2773 213 2835 Fatale
226 2776 333 2834 vitium
347 2774 436 2834 corde
452 2773 556 2834 durato
570 2766 673 2842 leram,

112 2857 214 2919 Donec
227 2858 378 2919 fortunam
392 2859 527 2918 criminis
540 2857 650 2936 pudeat
663 2859 721 2919 sui.
