2362 3854
123 208 149 256 x
327 159 552 257 hermanum
565 195 654 251 uma
667 194 715 249 nr
729 193 895 252 scamma.

124 345 290 426 Exemptus
311 352 357 406 est
376 346 448 406 huic
469 346 530 421 legi
549 363 654 405 versus
677 346 877 425 antiquissimi
892 353 998 423 poetae
1012 345 1090 407 Enni

125 433 178 510 qui
192 432 305 508 legitur
319 432 351 489 in
367 430 483 508 epilogo
497 429 516 489 l.
534 429 575 488 lll
592 426 675 508 [34].

125 597 136 658 l
158 608 170 659 t
190 515 321 659 ithesura
339 513 427 591 longe
446 515 688 593 frequentissima
706 519 751 573 est
770 513 1021 592 penthemimeres
1041 533 1090 575 ve·

137 617 158 658 u
231 644 366 763 hesopus
381 691 485 744 auctor
504 678 510 765 Ι
529 701 618 761 quam
633 685 789 743 materiam
805 685 928 760 reperit.

126 782 208 854 Quae
229 787 255 845 si
276 803 336 844 non
357 784 455 854 adest,
481 783 756 863 hephthemimeres
776 782 936 844 adhibetur
957 802 1025 844 cum
1044 787 1090 845 in·

126 871 240 929 cisione
261 876 331 947 post
351 868 515 928 secundum
534 868 657 946 pedem:

97 959 106 972 '
231 952 311 1032 quod
326 951 451 1013 arbores
470 948 477 1032 Ι
494 952 654 1030 loquantur
673 949 678 1033 l
698 970 757 1012 non
772 960 888 1012 tantum
902 953 996 1012 serae.

126 1053 207 1115 llaec
221 1060 321 1132 potest
335 1053 455 1130 neglegi
470 1055 495 1113 si
513 1051 577 1112 bini
592 1061 660 1131 post
674 1054 835 1114 secundam
846 1053 945 1113 thesin
956 1053 1090 1114 trochaei

126 1155 186 1198 uno
201 1140 410 1198 contineantur
426 1136 584 1197 vocabulo:

278 1239 346 1282 cum
361 1223 477 1282 tristem
492 1223 664 1281 servitutem
680 1221 788 1281 llerent
802 1223 903 1281 Attici.

126 1321 251 1384 Restant
270 1323 329 1383 duo
350 1340 454 1383 versus
474 1324 526 1400 qui
547 1339 698 1382 caesuram
719 1320 831 1381 habent
851 1329 920 1399 post
937 1324 1092 1402 praeposi·

127 1409 240 1468 tionem
254 1405 340 1465 verbi
356 1407 513 1484 compositi
531 1403 599 1484 [lll‚
618 1401 673 1474 15,
689 1401 720 1465 6.
749 1405 782 1475 V,
799 1403 828 1474 7,
847 1403 900 1484 19]

253 1492 413 1550 novissime
430 1486 434 1570 l
451 1489 619 1568 prolapsam
634 1485 772 1570 elliundit
792 1492 951 1550 sarcinam.

254 1577 320 1653 ipso
334 1574 472 1635 ludorum
488 1568 668 1655 ositenderet
683 1591 749 1633 sese
766 1573 826 1638 die.
960 1587 961 1590 ’

191 1676 347 1754 Synt'zesis
361 1678 484 1736 licentia
493 1676 674 1752 permodica
689 1674 766 1753 apud
781 1674 948 1735 Phaedrum
964 1694 1020 1736 nec
1034 1677 1091 1737 alia

127 1778 216 1839 quam
241 1761 420 1838 optimorum
449 1778 486 1819 ex
515 1757 699 1837 aequalibus.
751 1757 796 1818 Ad
821 1758 972 1829 elisionis,
1003 1779 1091 1839 quam

129 1860 233 1920 magna
254 1860 322 1903 cum
341 1861 412 1903 cura
433 1842 570 1903 adhibuit
584 1843 678 1912 idem,
699 1842 834 1921 exempla
852 1843 1014 1904 minuenda
1028 1846 1091 1922 pri·

127 1946 209 1988 mum
229 1926 389 2004 diligenter
410 1935 456 1987 est
476 1925 692 1987 observandum
710 1928 820 2001 ubique
833 1929 920 2001 apud
932 1943 1000 1988 eum
1014 1929 1092 1988 sicut

128 2010 207 2090 apud
221 2009 354 2088 reliquos
373 2018 477 2089 poetas
490 2010 612 2071 Latinos
633 2011 718 2071 uerbi
731 2013 897 2072 auxiliares
912 2012 990 2072 ‘est'
1006 2016 1091 2073 tran·

127 2096 198 2157 cari
209 2095 310 2156 vocali
325 2095 373 2155 oet
390 2111 420 2154 m
438 2111 572 2157 emona
584 2095 787 2170 praecedente
795 2098 930 2170 primam
943 2096 1092 2156 litteram:

254 2177 327 2239 haec
342 2187 466 2258 propter
481 2178 549 2240 illos
563 2181 703 2257 scriptast
717 2178 852 2239 homines
866 2177 977 2239 lahula.
1010 2245 1015 2250 .

256 2281 272 2323 a
287 2262 444 2323 corcodilis
457 2282 495 2323 ne
510 2266 667 2343 rapiantur
681 2263 861 2323 traditumst.

82 2441 84 2447 Ι
127 2365 276 2443 Exceptus
292 2356 342 2424 'est
356 2358 529 2442 appendicis
544 2382 570 2423 c.
587 2363 679 2426 xvv.
697 2359 750 2433 12,
767 2365 797 2423 in
812 2383 871 2442 quo
886 2372 1009 2443 propter
1024 2383 1091 2426 cae·

129 2467 228 2510 suram
249 2447 354 2525 copula
375 2465 435 2508 non
454 2448 617 2509 mutilatur.
661 2449 827 2508 Praeterea
847 2451 997 2510 nonlicet
1020 2451 1096 2511 elidi

128 2533 257 2592 iambico
275 2538 415 2606 sequente
432 2533 517 2594 hreni
539 2549 595 2593 nea
613 2534 711 2605 napis
729 2535 873 2608 copulari
895 2533 1001 2594 eadem
1024 2550 1093 2594 curn

129 2622 222 2677 acuta
236 2623 357 2693 praeter
372 2617 553 2694 inperativos
568 2615 709 2694 quosdam
724 2623 758 2676 ut
771 2623 841 2695 puta
852 2616 908 2676 hos
921 2614 988 2695 [lll,
1000 2615 1030 2687 l,
1042 2613 1090 2678 15.

51 2707 59 2721 “
129 2699 161 2768 V,
173 2696 208 2769 9,
220 2696 252 2758 4.
282 2718 350 2779 app.
362 2695 418 2770 21,
433 2696 487 2781 10]
511 2701 579 2760 veni
594 2717 679 2776 ergo,
702 2706 766 2759 tace
782 2702 896 2779 inquit,
919 2719 1092 2779 arensque.

130 2783 264 2862 lienique
284 2785 315 2844 in
336 2786 433 2863 prima
457 2784 537 2845 thesi
560 2783 717 2861 aliquando
737 2783 877 2844 elisiones
895 2786 1026 2845 inveniri
1048 2792 1094 2845 sat

130 2874 258 2936 constat,
284 2874 315 2927 at
340 2870 460 2928 easdem
479 2870 512 2928 in
536 2869 641 2931 ultima
662 2870 728 2928 arsi
745 2885 918 2943 numquam.
954 2869 1095 2930 Ceterum

129 2951 216 3030 plura
237 2951 274 3011 de
298 2952 458 3029 iungendis
479 2950 631 3011 vocalibus
650 2951 780 3012 Phaedri
805 2952 914 3030 placita
939 2954 991 3031 qui
1016 2952 1095 3012 volet

130 3052 320 3113 cognoscere,
335 3037 416 3112 legat
426 3053 501 3115 quae
513 3038 544 3096 in
555 3033 633 3095 libro
643 3043 746 3096 nostro
757 3052 806 3114 pg.
816 3031 878 3095 427
890 3039 1093 3114 reperiuntur.

193 3120 304 3180 Hiatus
332 3127 386 3180 aut
412 3122 630 3195 productiones
658 3121 791 3182 brevium
819 3136 839 3178 a
864 3121 1006 3181 Phaedro
1031 3137 1095 3180 esse
1146 3121 1149 3127 '

131 3206 300 3264 alienarat
319 3211 452 3278 constat,
477 3211 600 3282 excepto
621 3204 700 3283 quod
720 3203 770 3264 ille
792 3203 953 3282 dactylicos
974 3211 1095 3264 secutus

132 3305 220 3366 saepe
246 3289 382 3365 porrexit
406 3289 438 3347 in
453 3287 569 3348 mediis
593 3286 695 3347 verbis
720 3297 873 3366 correptas
893 3298 962 3348 ante
982 3296 1095 3348 mutam

132 3390 199 3431 cum
214 3371 337 3450 liquida.
382 3371 491 3432 Contra
513 3371 640 3432 notanda
661 3370 722 3432 ‘ibi
737 3374 835 3432 stans'
857 3373 930 3450 ‘ego
945 3372 1093 3452 scalpam’

125 3453 202 3530 [11],
218 3451 253 3546 3,
272 3450 323 3515 14.
354 3473 421 3535 app.
438 3450 473 3525 9,
492 3451 546 3536 12]
568 3454 701 3516 breviata
717 3456 856 3518 secunda.
