2362 3854
98 109 142 174 40
376 114 539 170 Pisanum
559 115 784 171 FABVLARVM

98 265 185 326 Vetat
199 264 311 325 dimitti
325 281 451 342 magnus
463 264 530 325 illos
544 263 690 343 luppiter.

98 349 198 409 llirati
213 347 272 408 sibi
287 348 401 425 legatos
413 366 474 409 non
488 351 645 417 revertier,

99 432 200 512 Turpe
216 434 408 494 aestimantes
422 432 535 511 aquuid
549 435 740 493 commissum
755 451 773 492 a
787 434 860 504 suis,

98 515 170 578 Post
184 516 305 596 aliquod
318 523 437 595 tempus
452 516 525 576 alios
540 516 670 577 adscribi
685 515 800 577 iubent.

97 600 211 662 Rumor
224 600 337 678 legatos
349 602 521 679 superiores
533 600 677 679 prodidit.
726 614 731 621 ·

98 684 253 745 Timentes
265 701 371 744 rursus
385 683 498 762 aliquid
512 701 550 743 ne
564 683 664 744 simile
678 684 805 754 accidat,

98 768 196 831 Odore
211 767 336 829 canibus
351 785 455 837 anum,
470 766 523 826 sed
537 767 646 837 multo,
660 767 788 846 replent

97 852 233 918 Mandata
248 852 333 912 dant:
356 850 446 929 legati
461 852 636 921 mittuntur,
651 853 753 911 statim
1023 857 1061 909 at)

97 936 225 998 Abeunt.
255 934 404 1013 Rogantes
419 935 531 995 aditum
547 936 687 996 continuo
701 937 864 1014 inpetrant.

98 1020 240 1083 Consedit
253 1021 371 1097 genitor
384 1027 448 1081 tum
464 1019 587 1080 deorum
602 1021 749 1080 maximus

97 1104 281 1183 Quassatque
296 1104 424 1164 tulmen:
447 1111 577 1163 tremere
592 1121 718 1182 coepere
733 1104 841 1163 omnia.

98 1188 193 1250 Canes
207 1188 338 1256 confusi,
355 1184 473 1247 subitus
487 1187 565 1264 quod
580 1187 678 1246 iuerat
692 1187 803 1264 fragor,

97 1271 231 1351 Repente
246 1271 368 1331 odorem
382 1271 509 1330 mixtum
524 1287 592 1330 cum
607 1270 720 1330 merdis
734 1277 848 1330 escant.

97 1354 270 1416 Reclamant
284 1372 401 1423 omnes,
417 1354 623 1414 vindicandam
638 1355 792 1414 iniuriam.

98 1439 148 1500 Sic
163 1447 208 1499 est
221 1439 337 1499 locutus
351 1444 419 1499 ante
433 1455 559 1517 poenam
572 1437 722 1517 luppiter:

96 1523 222 1601 Legatos
237 1540 297 1582 non
311 1530 358 1583 est
370 1524 453 1600 regis
466 1540 526 1582 non
541 1522 702 1592 dimittere,

96 1607 158 1669 Nec
173 1615 218 1668 est
233 1606 353 1667 difficile
368 1624 479 1686 poenas
495 1606 598 1685 culpae
613 1609 774 1685 inponere;
836 1598 844 1613 ’

97 1691 157 1752 Sed
172 1691 228 1750 hoc
242 1692 347 1751 feretis
360 1709 417 1770 pro
431 1691 545 1751 iudicio
559 1692 742 1769 praemium:

96 1774 163 1835 Non
177 1783 244 1835 veto
259 1772 384 1843 dimitti,
399 1792 503 1834 verum
517 1775 647 1833 cruciari
663 1775 751 1842 lame,

96 1858 140 1919 Ne
155 1865 290 1919 ventrem
305 1859 459 1917 continere
474 1874 534 1916 nou
547 1859 664 1935 possint
678 1874 775 1918 suum.

96 1941 142 2005 llli
157 1948 270 2010 antem,
286 1942 337 2020 qui
352 1942 499 2001 miserunt
512 1958 565 2000 ros
578 1947 639 2001 tam
653 1940 763 2010 lutilos,

95 2025 263 2105 Numquam
277 2023 421 2085 carebunt
436 2023 565 2085 hominis
580 2024 767 2086 contumelia.

98 2107 157 2188 [lta
170 2126 250 2170 nunc
264 2108 377 2186 legatos
391 2115 595 2188 exspectantes
609 2110 731 2188 posteri.

95 2191 210 2255 Novum
223 2195 326 2254 venire
341 2194 393 2272 qui
407 2192 502 2262 videt,
518 2193 617 2254 culum
631 2189 757 2272 olfacit]

431 2343 622 2404 FABVLA
643 2344 723 2403 XIX.

208 2441 408 2494 smnus,
442 2441 754 2494 menmconmn
770 2440 943 2496 noem.

138 2525 195 2597 Qui
209 2528 270 2587 lert
283 2528 370 2588 malis
384 2526 539 2596 auxilium,
555 2533 622 2605 post
635 2532 753 2605 tempus
768 2526 856 2587 dolet

96 2610 169 2671 Gelu
183 2611 330 2688 rigentem
344 2612 464 2691 quidam
479 2609 634 2671 colubram
648 2609 768 2670 sustulit

96 2694 227 2772 Sinuque
242 2695 329 2764 fovit,
345 2703 448 2755 contra
462 2711 494 2753 se
509 2695 574 2772 ipse
589 2694 777 2764 misericors;

94 2777 227 2855 Namque
242 2786 276 2839 ut
290 2779 402 2838 refecta
417 2785 479 2847 est,
494 2778 597 2837 necuit
611 2777 762 2839 hominem
777 2778 921 2857 protinus.

93 2861 177 2921 Hanc
191 2859 247 2922 alia
262 2879 330 2922 curn
344 2869 466 2939 rogaret
479 2878 599 2922 oausam
613 2862 764 2931 facinoris,
1036 2868 1055 2921 o

92 2942 273 3025 Respondit:
304 2944 419 3025 Nequis
433 2945 528 3006 discat
542 2946 685 3024 prodesse
700 2945 846 3025 inprobis.

435 3096 627 3157 FABVLA
648 3096 712 3157 XX.

338 3191 527 3245 VVLPES
552 3193 611 3244 nn
636 3193 806 3246 DRACO.

131 3277 255 3358 Vulpes,
272 3277 373 3339 cubile
387 3277 518 3346 fodiens,
534 3278 604 3338 dum
619 3284 730 3340 terram
745 3280 823 3341 eruit

91 3361 217 3442 Agitque
231 3362 334 3442 plures
348 3361 437 3423 altius
452 3362 613 3432 cuniculos,
