2362 3854
502 215 610 271 LIBER
630 216 677 274 IV.

458 449 649 509 naevus
670 451 723 510 xo.

365 580 463 632 uve
491 539 550 631 nu
577 576 829 651 evomens,

150 713 317 777 Lucernam
330 717 380 777 fur
395 717 531 778 accendit
546 734 583 778 ex
597 735 648 778 ara
662 717 739 778 lovis

108 797 266 880 Ipsumque
281 800 442 880 conpilavit
455 801 492 861 ad
507 800 608 862 lumen
623 819 719 862 suum.

108 881 167 954 Qui
182 885 339 962 sacrilegio
354 891 476 945 onustus
492 903 560 945 cum
575 885 753 956 discederet,

107 967 242 1047 Repente
256 985 359 1029 vocem
373 975 474 1029 sancta
488 970 572 1029 misit
584 969 715 1046 Religio:

108 1051 251 1112 Malorum
263 1055 399 1132 'quamvis
414 1055 472 1113 ista
486 1054 600 1114 luerint
614 1071 738 1114 munera

108 1135 239 1215 Mihique
254 1138 364 1206 invisa,
379 1142 413 1196 ut
427 1153 487 1198 non
501 1137 633 1198 offendar
648 1137 774 1216 subripi,

108 1219 236 1290 Tamen,
251 1219 391 1290 sceleste,
408 1223 517 1299 spiritu
532 1222 650 1300 culpam
664 1221 738 1292 lues,

108 1304 187 1366 Olim
201 1322 269 1365 cum
284 1304 452 1384 adscriptus
466 1307 584 1366 venerit
596 1323 710 1384 poenae
726 1307 799 1368 dies.

109 1388 168 1450 Sed
183 1407 221 1448 ne
236 1391 315 1467 ignis
330 1396 432 1449 noster
445 1388 572 1450 facinori
585 1389 765 1468 praeluceat,

107 1472 165 1533 Per
179 1491 268 1552 quem
282 1472 427 1534 verendos
442 1474 551 1533 excolit
564 1475 660 1553 pietas
675 1472 755 1544 deos,

107 1556 180 1618 Veto
195 1575 260 1617 esse
270 1555 329 1618 tale
344 1556 464 1618 luminis
480 1559 702 1617 commercium.

107 1640 151 1702 lta
165 1639 254 1703 hodie
269 1658 325 1701 nec
340 1638 492 1701 lucernam
508 1641 544 1702 de
559 1639 676 1702 llamma
691 1640 779 1704 deum

107 1724 170 1785 Nec
185 1724 221 1785 de
235 1725 359 1786 lucerna
373 1724 418 1785 las
432 1731 479 1785 est
493 1723 614 1785 accendi
630 1743 758 1785 sacrum.

149 1806 227 1878 Quot
240 1826 290 1869 res
305 1810 455 1869 contiueat
469 1807 526 1869 hoc
541 1816 746 1886 argumentum
761 1809 860 1881 utiles,

107 1892 174 1954 Non
189 1891 350 1972 explicabit
364 1892 453 1964 alius,
469 1910 559 1972 quam
572 1895 625 1972 qui
639 1896 786 1972 repperit.

108 1976 261 2054 Significat
275 1978 374 2056 primo
389 1995 492 2056 saepe,
508 1995 583 2055 quos
597 1979 662 2056 ipsc
678 1977 799 2049 alueris,

108 2060 178 2121 Tibi
192 2061 322 2121 inveniri
339 2063 466 2120 maxime
484 2063 663 2130 contrarios:

108 2144 245 2217 Secundo
259 2143 389 2205 ostendit
403 2143 516 2204 scelera
530 2161 589 2203 nou
604 2145 650 2204 ira
664 2143 762 2214 deum,

108 2228 249 2290 Fatorum
264 2227 344 2289 dicto
358 2227 411 2288 sed
425 2228 527 2306 puniri
542 2234 693 2305 tempore;

108 2311 274 2373 Novissime
289 2311 457 2381 interdicit,
473 2329 511 2370 ne
526 2328 593 2370 cum
608 2311 741 2371 malefico

108 2397 198 2458 Vsum
213 2394 309 2458 bonus
323 2397 474 2456 consociet
489 2393 580 2455 ullius
594 2397 650 2456 rei.

449 2612 642 2696 sununs
662 2613 731 2674 xm.

345 2745 490 2798 MALAS
506 2745 609 2797 ESSE
626 2744 829 2799 DIVITIAS.

150 2882 228 2965 Opes
242 2883 355 2946 inrisae
369 2884 477 2943 merito
492 2890 562 2943 sunt
576 2883 649 2942 forti
662 2885 737 2951 viro,
824 2901 826 2906 ¹

107 2965 182 3038 Quia
197 2968 280 3028 dives
293 2984 363 3029 arca
377 2984 478 3026 reram
493 2965 611 3026 laudem
625 2967 790 3044 intercipit.

150 3051 238 3114 Caelo
252 3057 391 3131 receptus
405 3055 528 3129 propter
543 3051 686 3110 virtutem
700 3048 845 3110 Hercules

107 3135 182 3197 (lum
196 3135 378 3213 gratulantes
393 3133 605 3213 persalutasset
618 3132 700 3203 deos,

106 3218 250 3280 Veniente
265 3219 365 3288 Pluto,
382 3220 433 3297 qui
448 3218 597 3278 Fortunae
612 3224 659 3277 est
671 3217 759 3289 tilius,

94 3304 222 3379 *Avertit
236 3302 346 3362 oculos.
376 3302 500 3363 Causam
514 3303 661 3380 quaesivit
675 3309 769 3381 pater.

108 3386 178 3456 Odi,
195 3387 308 3466 inquit,
324 3385 423 3456 illum,
440 3386 510 3465 quia
524 3386 611 3446 malis
626 3388 738 3446 amicus
753 3392 799 3446 est

108 3470 261 3550 Simulque
277 3467 393 3530 obiecto
408 3474 513 3530 cuncta
528 3471 695 3550 corrumpit
707 3469 807 3530 lucro.
