2362 3854
100 176 142 242 42
377 184 540 241 PHAEDRI
560 185 784 243 resteterit

425 386 616 445 FABVLA
637 387 732 446 XXII.

410 493 471 544 nn
497 491 747 545 stntotttnn.

139 591 233 653 Homo
249 593 354 655 doctus
367 596 399 655 in
414 612 447 655 se
460 613 579 673 semper
594 595 713 656 divitias
726 593 825 655 habet.

98 675 281 747 Simonides,
297 679 349 757 qui
364 679 486 757 scripsit
500 680 654 756 egregium
667 678 769 748 melos,

96 759 161 831 Quo
175 768 382 840 paupertatem
397 762 559 822 sustineret
574 761 702 832 facilius,

97 844 217 907 Circum
231 847 277 905 ire
292 847 390 923 coepit
404 844 495 906 urbes
509 846 594 907 Asiae
610 844 734 915 nobiles,

95 928 232 990 Mercede
248 937 367 1008 accepta
381 927 499 989 laudem
512 930 658 989 victorum
670 945 791 990 canens.
1036 935 1054 988 o

95 1013 159 1073 lloe
173 1029 284 1089 genere
298 1019 438 1092 quaestus
452 1021 608 1092 postquam
622 1012 755 1092 locuples
768 1013 864 1074 factus
878 1019 932 1084 est,

95 1095 207 1157 Redire
222 1098 254 1157 in
269 1099 397 1176 patriam
411 1096 504 1158 voluit
519 1115 608 1158 cursu
621 1097 754 1177 pelagio;

94 1178 168 1240 Erat
182 1187 296 1250 autem,
313 1189 347 1241 ut
361 1184 458 1251 aiunt,
474 1188 562 1241 natus
576 1182 608 1241 in
623 1181 675 1243 Cia
690 1179 800 1241 insula:

94 1262 236 1322 Ascendit
250 1280 370 1332 navem,
386 1281 474 1342 quam
488 1271 649 1342 tempestas
663 1263 785 1324 horrida

95 1345 189 1406 SImul
204 1352 234 1405 et
248 1353 377 1407 vetustas
392 1348 490 1407 medio
505 1346 639 1406 dissolvit
652 1349 739 1407 mari.

94 1428 132 1489 Hi
148 1446 251 1499 zonas,
267 1429 310 1489 illi
326 1448 375 1490 res
389 1433 536 1509 pretiosas
550 1430 721 1507 colligunt„

95 1511 267 1573 Subsidium
281 1515 370 1574 vitae.
400 1512 526 1584 Quidam
540 1516 701 1574 curiosior:

94 1595 260 1666 Simonide,
276 1604 308 1656 tu
323 1615 359 1657 ex
374 1598 482 1677 opibus
495 1597 537 1659 nil
551 1599 644 1658 sumis
657 1597 736 1659 tuis?

32 1718 34 1722 ι
93 1679 223 1749 lleoum,
239 1682 352 1760 inquit,
368 1700 433 1742 mea
448 1689 517 1742 sunt
532 1689 647 1743 cuncta.
677 1682 761 1742 'l'unc
774 1682 862 1761 pauci
878 1678 1008 1750 enatant.

94 1761 169 1832 Quia
183 1762 284 1843 plures
297 1782 388 1825 onere
402 1765 553 1842 degravati
567 1768 730 1843 perierant.
1017 1767 1051 1820 15

93 1845 261 1907 Praedones
275 1847 396 1917 adsunt,
411 1850 546 1926 rapiunt,
562 1847 641 1925 quod
656 1848 781 1926 quisque
796 1846 911 1917 extulit,

93 1927 193 1989 Nudos
206 1928 387 2009 relinquunt.
417 1929 506 1990 Forte
523 1928 712 1990 Clazomenae
727 1947 821 2007 prope

92 2011 220 2090 Antiqua
234 2011 292 2072 tuit
305 2011 393 2081 urbs,
410 2030 498 2091 quam
511 2014 661 2091 petierunt
676 2013 823 2089 naufragi,

92 2093 148 2153 llic
162 2093 329 2155 litterarum
344 2096 463 2174 quIdam
478 2096 576 2156 studio
591 2096 717 2166 deditus,

73 2177 80 2188 '
92 2176 254 2239 Simonidis
268 2180 319 2257 qui
334 2196 422 2259 saepe
436 2197 539 2240 versus
552 2178 666 2257 legerat
731 2253 739 2266 ι

91 2259 220 2340 Eratque
231 2261 366 2322 absentis
381 2263 543 2322 admirator
556 2266 711 2333 maximus,

91 2342 233 2404 Sermone
249 2343 285 2404 ab
300 2346 366 2423 Ipso
380 2347 530 2422 cognitum
545 2347 737 2425 cupidissime

90 2426 134 2486 Ad
149 2445 181 2493 se
196 2429 325 2505 recepit;
341 2434 437 2498 reste,
452 2432 596 2499 nummis,
612 2429 723 2490 lamIIia

92 2508 246 2568 Hominem
261 2513 423 2570 exornavit.
453 2510 551 2573 Ceteri
566 2510 696 2572 tabulam
711 2531 795 2573 suam
884 2562 887 2566 .

89 2590 211 2651 Portant
223 2599 363 2668 rogantes
377 2595 496 2653 victum.
527 2593 605 2664 Quos
619 2612 690 2654 casu
705 2593 807 2656 obvios
1013 2603 1050 2656 25

89 2672 254 2734 Simonides
267 2681 302 2734 ut
315 2674 403 2736 vidit:
432 2675 516 2744 Dixi,
532 2678 643 2754 inquit,
660 2693 725 2736 mea

87 2755 201 2816 ldecum
216 2774 281 2817 esse
296 2764 418 2828 cuncta;
433 2774 484 2817 ros
499 2758 577 2837 quod
592 2759 749 2836 rapuistis,
765 2761 874 2837 perit..

403 2957 596 3019 FABVLA
616 2959 726 3019 XXIII.

327 3061 459 3114 MONS
476 3062 796 3116 summumne.

127 3157 211 3220 lions
223 3160 405 3239 parturibat,
421 3165 550 3238 gemitus
564 3166 698 3224 inmanes
712 3166 805 3234 ciens,

84 3242 215 3322 Eratque
229 3244 262 3303 tn
275 3245 366 3303 terris
380 3245 507 3304 maxima
523 3245 712 3323 exspectatio.

31 3325 184 3632 *ule
198 3343 313 3386 murem
326 3327 453 3406 peperit.
483 3325 546 3387 Hoc
560 3329 704 3406 scriptum
719 3336 765 3390 est
777 3326 843 3399 ult.

172 3425 360 3491 magnacum
374 3410 514 3481 mimus,
530 3411 659 3471 extricas
672 3410 757 3472 nihil.
