2362 3854
472 215 663 274 APPuumx.

87 367 217 436 Corona,
232 365 332 436 miles,
349 365 487 445 equidem
501 371 531 425 te
544 365 624 425 dono
637 364 744 437 libens,

86 449 170 522 Quod
184 449 340 511 vindicasti
353 449 472 510 laudem
485 448 612 510 Romani
623 450 740 529 inperi;

87 534 147 595 Sed
162 533 362 594 exstillescant
377 532 454 594 oculi
469 535 528 601 sic,
545 535 659 612 iuquit,
674 535 744 602 mei,

86 617 188 697 Turpe
203 616 276 678 illud
291 619 412 677 imitans
426 619 474 676 ius
488 616 647 676 iurandum
662 617 776 687 militis,

87 702 152 763 Nisi
166 709 200 763 tu
214 699 364 762 abstulisti
380 701 512 761 sarsinas
526 717 623 780 nuper
638 718 729 761 meas.

435 852 625 914 FABVLA
646 853 699 912 IX.

279 951 401 1013 IVNO,
419 949 563 1001 vmtws
579 950 635 1001 ΕΤ
653 949 854 1002 cemma,
960 940 966 951 ⁶

129 1037 202 1098 Cum
217 1038 384 1098 castitatem
398 1035 472 1096 luno
487 1035 623 1097 laudaret
636 1053 729 1105 suam,

86 1119 281 1182 Iucunditatis
295 1137 414 1182 causam
428 1138 488 1179 non
502 1121 615 1199 sprevit
630 1121 737 1188 Venus,

86 1204 262 1284 Nullamque
277 1212 312 1266 ut
325 1205 488 1265 affirmaret
502 1220 568 1264 essa
582 1203 628 1263 illi
641 1221 754 1283 parem,

86 1287 291 1365 Interrogasse
306 1289 350 1349 sic
364 1287 504 1366 gallinam
518 1289 641 1349 dieitur:

73 1371 139 1451 ¹llic
154 1372 254 1442 sodes,
270 1379 381 1450 quanto
395 1375 492 1452 possis
507 1374 610 1434 satiari
625 1371 704 1433 cibo.

86 1455 252 1534 Respondit
266 1455 332 1515 illa:
363 1455 510 1534 Quicquid
525 1456 660 1525 dederis,
677 1457 749 1518 satis
764 1457 833 1528 erit,

87 1539 151 1609 Sic,
167 1547 201 1599 ut
215 1538 359 1599 concedas
373 1537 501 1618 pedibus
516 1537 628 1616 aliquid
643 1538 786 1618 scalpere.

87 1622 131 1683 Ne
146 1623 273 1702 scalpas,
289 1623 401 1701 inquit,
417 1624 490 1683 satis
505 1630 551 1684 est
564 1623 680 1703 modius
695 1620 807 1684 tritici?

86 1706 192 1775 Plane,
208 1709 300 1766 immo
314 1708 440 1766 nimium
456 1712 516 1776 est,
533 1707 585 1767 sed
600 1707 739 1786 permitte
754 1706 899 1785 scalpere.

87 1791 130 1850 Ex
145 1798 221 1860 toto,
237 1789 348 1869 nequid
363 1789 477 1869 scalpas
484 1835 497 1859 ,‚
508 1790 581 1868 quid
595 1790 766 1850 desideras?

87 1873 164 1933 Tum
179 1874 307 1952 denique
322 1873 373 1935 illa
387 1874 466 1934 lassa
481 1881 526 1934 est
540 1880 662 1934 naturae
676 1873 801 1934 malum:

86 1957 170 2018 Licet
184 1958 324 2017 horreum
337 1959 379 2016 mi
393 1964 507 2037 pateat,
524 1975 579 2035 ego
594 1955 723 2036 scalpam
737 1964 848 2019 tamen.
957 2044 959 2050 Ι

85 2041 199 2102 Risisse
213 2040 286 2101 luno
302 2040 412 2102 dicitur
427 2040 550 2101 Veneris
565 2043 641 2110 ioco,
786 2099 789 2106 ,
811 2105 814 2111 ,

85 2123 161 2194 Quia
175 2142 230 2204 par
244 2123 383 2202 gallinam
399 2124 549 2184 denotavit
563 2124 700 2186 laminas.

398 2243 400 2247 ’
439 2276 631 2336 suranna
651 2276 689 2335 x.

247 2373 594 2426 mmmm
611 2374 667 2424 Et·
683 2373 885 2427 msontt.

261 2453 406 2519 Quomodo
423 2453 564 2508 domanda
580 2454 619 2509 ait
633 2455 714 2508 ferox
730 2453 869 2510 iuventus.
886 2448 890 2452 ’
924 2468 928 2475 ’

126 2542 343 2603 Paterfamilias
358 2560 477 2603 saevum
492 2541 622 2603 habebat
637 2543 741 2604 lilium.

84 2627 140 2687 llic
154 2645 171 2686 e
186 2633 347 2706 conspectu
362 2645 430 2687 cum
444 2629 538 2705 patris
552 2634 727 2697 recesserat,

83 2709 268 2771 Verberibus
283 2729 385 2771 servos
398 2709 548 2771 alliciebat
562 2711 700 2790 plurimis

83 2793 122 2855 Et
136 2792 296 2855 exercebat
308 2794 453 2856 fervidam
468 2794 707 2855 adolescentiam.

84 2879 218 2956 Aesopus
232 2894 303 2953 ergo
318 2886 421 2938 narrat
434 2879 490 2938 hoc
504 2878 638 2939 breviter
652 2879 732 2939 seni:

83 2958 210 3029 Quidam
224 2961 350 3020 iuvenco
364 2961 494 3021 vetulum
509 2960 691 3040 adiungebat
705 2959 820 3022 bovem.

83 3043 113 3103 ls
128 3061 196 3103 cum
210 3043 363 3120 refugiens
378 3045 477 3123 inpari
492 3045 566 3106 eollo
581 3047 683 3122 iugum

83 3127 196 3188 Aetatis
211 3134 367 3188 excusaret
381 3129 461 3188 vires
476 3126 644 3206 languidas:

83 3210 149 3271 Nou
164 3211 302 3290 estquod
316 3213 436 3281 timeas,
452 3213 551 3291 inquit
565 3213 610 3274 illi
625 3216 773 3285 rusticus:

82 3293 148 3355 Non
163 3301 197 3355 ut
211 3293 328 3356 labores
343 3296 435 3364 lacio,
453 3296 506 3356 sed
520 3302 555 3356 ut
569 3299 658 3358 istum
673 3298 786 3368 domes,

83 3376 140 3449 Qui
153 3379 234 3439 calce
250 3385 281 3438 et
295 3396 389 3439 cornu
402 3377 511 3440 multos
525 3380 626 3440 reddit
640 3379 765 3440 debiles.

83 3461 121 3522 Et
133 3470 167 3523 tu
180 3464 241 3523 nisi
255 3464 345 3523 istum
358 3470 459 3523 tecum
473 3462 590 3525 assidue
606 3463 724 3524 detines

937 1795 1048 1853 ,10
