2362 3854
136 207 178 272 46
413 211 574 267 PHAEDRI
593 209 817 268 FABvLAnvnn
837 219 840 226 '

493 376 682 437 FABVLA
702 377 744 436 H.

388 472 602 527 vinnom
618 474 673 525 ΕΦ
689 472 841 526 Lemo·

179 558 244 620 lino
259 576 325 619 oum
339 559 517 620 incidissent
531 561 563 619 in
577 559 722 619 latronem
736 559 856 644 milites,

138 644 218 705 Vnus
234 644 380 722 profugit,
396 643 472 703 alter
487 650 585 702 autem
598 644 711 704 restitit

139 727 177 788 Et
190 726 348 787 vindicavit
362 744 427 786 sese
442 726 512 786 forti
527 725 657 786 dextera.

72 868 77 877 ,
138 810 266 870 Latrone
281 813 379 870 occiso
394 809 515 870 timidus
529 811 660 869 accurrit
674 827 773 870 comes

111 959 112 962 ,
140 894 323 973 Stringitque
338 894 483 970 gladium,
499 893 568 953 dein
583 894 695 952 reiecta
708 893 848 972 paenula:

139 977 233 1048 Cedo,
249 979 359 1056 inquit,
377 977 473 1046 illum;
489 978 549 1036 iam
568 974 678 1036 curabo
692 978 810 1045 sentiat,

138 1061 217 1132 Quos
232 1061 422 1140 attemptarit.
451 1061 550 1130 Tunc,
566 1061 617 1139 qui
632 1060 868 1138 depugnaverat:

138 1144 250 1205 Vellem
263 1146 328 1206 istis
342 1143 441 1205 verbis
456 1144 561 1204 saltem
575 1143 738 1205 adiuvisses
752 1143 854 1212 modo;

139 1228 326 1290 Constantior
338 1229 463 1288 fuissem
477 1245 546 1287 vera
562 1229 742 1290 existimans

139 1311 224 1373 Nunc
238 1312 330 1372 conde
345 1311 459 1371 ferrum
474 1318 503 1371 et
516 1311 648 1386 linguam
662 1312 776 1389 pariter
790 1310 916 1380 sutilem,

138 1395 175 1455 Vt
188 1397 285 1474 possis
300 1394 373 1454 alios
387 1394 559 1472 ignorantes
572 1393 686 1454 tallere.

138 1478 215 1556 Ego,
232 1480 284 1558 qui
298 1496 364 1538 sum
378 1485 531 1557 expertus,
548 1480 666 1556 quantis
679 1477 777 1555 fugias
790 1477 915 1547 viribus,

139 1561 223 1630 Scio,
238 1580 326 1641 quam
340 1562 443 1621 virtuti
457 1579 516 1621 non
532 1563 571 1620 sit
585 1561 765 1622 credendum
779 1567 859 1622 tuae.

180 1645 228 1707 Illi
242 1645 391 1722 adsignari
407 1642 495 1706 debet
508 1644 582 1705 haec
596 1648 737 1714 narratio,

138 1727 196 1799 Qui
209 1746 244 1790 re
258 1727 387 1790 secunda
401 1729 488 1789 fortis
503 1735 563 1797 est,
580 1727 670 1789 dubia
684 1728 782 1805 fugax.

481 1861 671 1921 FABVLA
696 1862 753 1920 IH.

385 1957 570 2010 cAvas
595 1958 655 2008 E'l'
681 1959 851 2013 MVSOA.

182 2044 261 2106 Calvi
275 2042 435 2104 momordit
449 2060 549 2104 musca
563 2043 705 2104 nudatum
721 2051 824 2122 caput;

139 2128 234 2198 Quam
248 2129 417 2207 opprimere
432 2133 554 2206 captans
568 2126 681 2206 alapam
694 2127 755 2188 sibi
770 2127 853 2188 duxit
867 2144 995 2204 gravem.

140 2211 224 2273 'luno
238 2210 289 2271 illa
303 2210 453 2271 inridens:
482 2210 628 2271 Punctum
642 2211 770 2272 volucris
783 2211 922 2291 parvulae
1036 2216 1039 2221 ’

139 2295 266 2355 Voluisti
281 2301 377 2355 morte
391 2295 512 2363 uleisoi;
528 2294 599 2373 quid
613 2295 706 2355 facies
719 2294 785 2365 tibi,

139 2378 270 2439 Iniuriae
285 2380 337 2456 qui
351 2377 501 2438 addideris
516 2379 742 2439 contumeliam?

139 2461 317 2541 Respondit:
346 2460 461 2520 Mecum
475 2460 564 2521 facile
578 2462 669 2523 redeo
683 2465 715 2522 in
730 2463 863 2539 gratiam,

139 2544 215 2615 Quia
229 2563 289 2604 non
303 2544 396 2604 luisse
411 2551 541 2604 mentem
555 2544 693 2605 laedendi
707 2547 779 2606 scio.

141 2629 200 2689 Sed
214 2635 260 2697 te,
276 2628 438 2705 contempti
453 2629 572 2704 generis
587 2628 698 2689 animal
712 2627 880 2706 inprobum,

140 2710 221 2782 Quae
236 2710 394 2773 delectaris
407 2709 513 2770 bibero
527 2709 689 2771 humanum
704 2713 888 2789 sanguinem,
1017 2760 1038 2797 l

140 2795 246 2874 Optem
259 2811 367 2856 necare
381 2793 428 2854 vcl
442 2795 554 2853 maiore
569 2794 764 2854 incommodo.
1066 2800 1099 2852 10

144 2887 146 2891 ’
182 2878 243 2938 Hoe
257 2884 464 2955 argumentum
478 2879 564 2937 venia
579 2877 683 2938 donari
700 2878 794 2948 docet,

140 2960 196 3031 Qui
211 2979 280 3023 casu
294 2967 406 3040 peceat.
437 2960 512 3021 Nam
526 2963 578 3040 qui
593 2961 717 3022 consilio
732 2969 777 3023 est
792 2979 911 3033 nocens,

139 3044 224 3106 Illum
240 3062 305 3105 esse
321 3046 423 3122 quavis
438 3044 559 3122 dignum
574 3063 669 3124 poena
683 3045 793 3106 indico.

482 3179 674 3239 FABVLA
699 3179 753 3239 IV.

369 3274 522 3325 Asnvvs
539 3275 595 3326 ET
612 3274 868 3329 PORCELLVS.

182 3360 307 3431 Quidam
322 3360 493 3420 inmolasset
507 3376 625 3420 verrem
639 3378 707 3421 oum
722 3370 823 3423 sancto
838 3361 972 3440 Herculi,

141 3445 195 3507 Cui
209 3462 265 3524 pro
281 3443 374 3504 salute
383 3452 482 3504 votum
497 3442 626 3508 debonat
640 3462 703 3516 sua,
