2362 3854
112 221 155 287 36
389 222 550 278 PHAEDRI
570 221 794 278 FABVLARVM

154 373 216 435 lloc
231 372 291 432 illis
306 372 418 433 dictum
433 379 491 441 est,
507 373 560 451 qui
575 371 699 431 stultitia
714 379 857 433 nauseant

60 476 66 491 ¹
111 454 163 527 Et,
179 464 212 517 ut
225 463 367 536 putentur
381 473 501 536 sapere,
518 455 633 516 caelum
646 457 826 535 vituperant.

360 674 370 692 .
443 639 635 700 FABVLA
656 641 741 700 VIII.

219 752 408 805 snmus
425 754 485 805 AD
502 754 681 806 FABRVM
697 754 965 812 FERRARIVM.

152 872 367 934 Mordaciorem
382 874 434 951 qui
449 872 575 952 inprobo
592 873 679 933 dente
694 874 817 952 adpetit,

110 957 172 1018 Hoc
188 963 360 1034 arguuento
375 974 407 1016 se
423 955 555 1017 describi
569 959 687 1017 sentiat.

152 1040 185 1100 ln
201 1041 349 1101 officinam
363 1038 441 1100 labri
455 1043 537 1101 venit
553 1042 665 1119 vipera.

110 1124 190 1185 Haec
205 1141 272 1184 cum
286 1130 460 1202 temptaret,
477 1127 561 1203 siqua
575 1142 625 1185 res
641 1132 720 1186 esset
735 1124 811 1196 cibo,

109 1207 224 1268 Limam
238 1207 407 1268 momordit.
436 1206 489 1268 llla
504 1214 606 1268 contra
621 1216 792 1270 contumax:

109 1289 187 1359 Quid
202 1309 265 1360 me,
280 1292 392 1370 inquit,
409 1291 511 1360 stulta,
528 1290 617 1352 dente
633 1300 733 1370 captas
748 1291 876 1364 laedere,

110 1373 203 1435 Omne
218 1374 339 1436 adsuevi
353 1374 468 1435 ferrum
483 1392 558 1454 quac
573 1375 755 1436 conroderet

459 1559 651 1619 FABVLA
671 1561 724 1620 IX.

354 1672 542 1725 VVLPES
568 1675 626 1727 ET
654 1675 821 1729 cAPER.

151 1792 245 1854 Homo
260 1794 292 1853 in
306 1792 452 1871 periclum
466 1793 554 1853 simul
569 1810 603 1853 ac
618 1794 697 1853 venit
712 1793 844 1865 callidus,

110 1875 253 1955 Reperire
269 1875 410 1953 effugium
424 1878 542 1955 quaerit
557 1875 679 1936 alterius
693 1877 780 1937 malo.

152 1961 225 2022 Cum
239 1959 400 2020 decidisset
413 1958 516 2038 vulpes
530 1961 562 2019 in
576 1965 699 2039 puteum
714 1963 810 2023 inscia

110 2044 148 2104 Et
161 2043 267 2104 altiore
283 2042 471 2103 clauderetur
485 2045 629 2120 margine,

109 2128 234 2189 Devenit
248 2127 351 2186 hircus
365 2127 468 2187 sitiens
482 2128 512 2187 in
527 2126 653 2187 eundem
667 2128 781 2200 locum;

110 2209 204 2271 Simul
219 2213 348 2288 rogavit,
365 2219 442 2271 esset
457 2229 495 2271 an
510 2209 605 2272 dulcis
619 2209 718 2291 liquor

109 2296 147 2356 Et
162 2294 318 2374 copiosus?
346 2293 399 2355 llla
413 2295 549 2357 fraudem
563 2295 703 2356 moliens:

109 2378 277 2447 descende,
294 2379 404 2448 amice:
419 2385 500 2439 tanta
515 2377 632 2439 bonitas
647 2386 694 2439 est
708 2397 811 2459 aquae,

109 2460 251 2540 Voluptas
265 2468 297 2521 ut
312 2464 414 2523 satiari
429 2481 489 2527 uon
502 2464 597 2542 possit
611 2481 687 2524 mea.

110 2545 227 2606 Inmisit
240 2563 272 2605 se
288 2544 441 2606 barbatus.
472 2546 548 2606 Tum
562 2546 715 2624 vulpecrda

109 2629 210 2690 Evasit
224 2635 327 2708 puteo,
344 2631 413 2690 nixa
428 2629 516 2690 celsis
531 2629 682 2699 cornibus,

109 2712 292 2792 Hircumque
308 2713 409 2775 clauso
423 2712 511 2791 liquit
525 2712 698 2774 haerentem
713 2715 797 2776 vado.
895 2730 897 2735 “

465 2897 656 2958 FABVLA
677 2899 714 2959 X.

330 3012 391 3063 Dm
417 3012 572 3064 snmus
597 3013 846 3068 HOMINVM.

150 3131 241 3192 Peras
256 3133 389 3211 inposuit
403 3130 537 3211 luppiter
551 3131 639 3192 nobis
654 3132 742 3193 duas:

108 3213 243 3294 Propriis
256 3213 402 3294 repletam
415 3217 498 3276 vitiis
513 3222 581 3296 post
595 3221 712 3292 tergum
727 3215 818 3287 dedit,

105 3299 219 3360 aliems
234 3305 302 3359 ante
317 3305 420 3378 pectus
435 3298 590 3378 suspendit
604 3315 732 3376 gravem.

150 3381 212 3443 Hac
227 3399 260 3442 re
274 3382 376 3444 videre
391 3388 494 3443 nostra
508 3382 585 3444 mala
599 3400 659 3444 non
673 3401 846 3462 possumus:

114 3465 268 3526 ’11111111
283 3465 475 3547 delinquunt,
491 3484 630 3529 censores
645 3485 757 3531 sumus.

1036 382 1072 433 25
