2362 3854
495 196 688 256 neronom

424 395 615 457 FABVLA
636 397 762 456 XXVII.
902 483 912 490 ἢ

283 556 287 561 ,
340 502 569 555 ΜΕΒΕΤΒΙΧ
584 503 639 554 ΕΨ
656 502 845 556 IVVENIS.

195 598 287 654 Multo
303 615 363 655 esse
380 600 504 654 incunda
521 616 594 668 qnae
611 601 708 656 tamen
725 603 790 655 runt
805 601 990 657 incommoda.

84 710 87 715 '
153 702 227 766 Cum
241 704 429 783 blandiretur
444 707 545 767 iuveni
559 708 703 767 meretrix
717 707 840 786 perfida,

110 788 148 849 Et
160 789 210 850 ille
224 788 322 851 laesus
335 790 440 850 multis
454 808 543 869 saepe
558 791 679 851 iniuriis

110 873 223 934 Tamen
236 871 399 953 praeberet
413 891 479 934 sese
493 873 612 934 facilem
626 874 757 945 mulieri,

110 956 160 1016 Sic
174 956 358 1018 insidiatrix:
388 956 499 1018 Omnes
513 957 688 1018 muneribus
702 959 774 1019 licet

109 1040 309 1110 contendant,
326 1057 381 1117 ego
395 1047 425 1101 te
440 1041 564 1119 plurimi
578 1041 653 1102 lacio
668 1049 777 1102 tamen.

109 1124 228 1185 iuvenis
242 1124 404 1185 recordans
419 1127 557 1204 quotiens
572 1124 714 1204 deceptus
728 1126 820 1187 soret:

107 1206 275 1278 Lubenter‚
291 1209 404 1288 inquit,
420 1226 487 1269 mea
501 1209 564 1278 lux,
579 1207 656 1269 hanc
670 1226 773 1269 vocem
787 1209 884 1281 audio,

108 1290 175 1352 Non
189 1291 267 1371 quod
281 1291 394 1362 fidelis,
409 1292 462 1353 sed
478 1292 557 1371 quod
570 1291 699 1352 iucunda
714 1298 760 1353 est
773 1293 858 1353 mihi.

411 1484 603 1544 FABVLA
623 1486 763 1546 mm

519 1591 658 1643 FIBER.

150 1693 245 1754 Canes
261 1691 391 1769 effugere
407 1708 473 1752 cnm
489 1694 549 1752 iam
563 1709 623 1752 non
636 1693 732 1772 possit
746 1691 830 1762 iiber,

110 1775 229 1854 (Gracci
242 1775 382 1855 loquaces
396 1792 485 1854 quem
499 1775 641 1836 dixerunt
655 1783 799 1837 castorem

107 1858 145 1921 Et
160 1858 335 1923 indiderunt
348 1858 463 1919 bestiae
477 1876 586 1920 nomen
601 1859 659 1928 dei,

108 1943 169 2013 llli,
185 1945 237 2023 qni
252 1945 365 2004 iactant
379 1961 412 2002 se
426 1943 587 2003 verborum
601 1944 685 2022 copia
693 1942 713 2024 z)

108 2025 255 2106 Abripere
269 2043 371 2086 morsu
385 2026 480 2086 fertur
494 2026 647 2087 testiculos
662 2027 730 2097 sibi,

107 2108 183 2180 Quia
197 2117 320 2189 propter
334 2108 401 2169 illos
416 2111 526 2170 sentiat
540 2127 606 2170 sese
620 2112 693 2189 peti.

107 2193 213 2254 Divina
227 2193 307 2272 quod
320 2194 437 2254 ratione
453 2193 519 2253 fleri
533 2211 593 2253 non
607 2210 730 2270 negem3

108 2277 237 2338 Venator
250 2294 378 2356 namque
393 2276 482 2336 simul
497 2278 611 2337 invenit
625 2278 801 2348 remedium,

107 2360 226 2421 Omittit
239 2361 336 2439 ipsum
351 2361 491 2439 persequi
507 2367 537 2420 et
550 2367 670 2422 revocat
684 2378 783 2421 canes.

149 2444 211 2504 lloc
226 2446 252 2504 si
265 2450 418 2522 praestare
433 2449 556 2522 possent
568 2442 719 2514 homines,
736 2450 769 2505 ut
783 2461 837 2505 suo
1023 2452 1069 2506 -10

106 2527 223 2588 Vellent
238 2543 355 2596 carere,
371 2529 429 2587 tuti
443 2526 566 2605 posthac
580 2529 730 2599 viverent;

108 2609 193 2672 Haud
208 2612 365 2689 qnisquam
379 2611 503 2671 insidias
517 2610 597 2671 nudo
611 2611 724 2671 faceret
739 2611 866 2692 corpori.

428 2813 621 2873 FABVLA
642 2813 748 2872 XXIX.

381 2916 555 2969 PAPILIO
572 2918 627 2969 Er
645 2918 793 2971 VESPA.

182 3014 246 3067 Non
262 3013 447 3081 praeteritam
463 3015 706 3135 sedfffiffiem
723 3014 913 3084 aspiciendam
931 3032 991 3074 esse

148 3184 262 3264 Papilio
276 3204 398 3266 vespam
411 3187 658 3266 praetervolitans
671 3187 797 3255 viderat.

106 3267 131 3328 0
146 3275 257 3329 sortem
271 3270 418 3350 iniquam!
438 3270 509 3331 dum
522 3270 662 3331 vivebant
676 3288 808 3350 corpora,

106 3348 239 3420 Quorum
254 3370 291 3414 ex
304 3354 441 3432 reliquiis
456 3355 582 3415 animam
597 3372 652 3414 nos
666 3357 845 3435 accepimus,

106 3432 169 3513 Ego
184 3437 325 3516 eloquens
339 3439 371 3497 in
385 3455 473 3516 pace,
489 3438 576 3499 fortis
590 3437 721 3518 proeliis,
