2362 3854
512 221 619 279 LIBER
640 222 690 281 111.

117 369 200 442 Quae
214 387 308 448 genus
323 378 480 450 utrumqne
496 380 597 432 nosset
611 389 679 432 cum
693 371 906 451 pulcherrime,

117 454 228 532 Legem
243 454 358 515 duabus
372 454 448 514 hanc
462 457 618 534 proposuit
631 455 783 535 partibus:

118 539 184 599 Non
199 541 412 599 inconveniens
426 557 534 618 corpus
549 547 580 600 et
593 557 648 618 par
663 547 708 601 est
723 540 813 610 color,

117 623 152 684 ln
168 621 290 684 dubium
304 621 392 702 plane
406 640 457 683 res
472 631 504 683 ut
518 625 626 683 merito
640 626 767 685 venerit.

118 707 177 768 Sed
191 725 229 767 ne
244 707 350 784 religio
365 715 470 786 peccet
482 708 648 785 inprudens
662 726 738 778 mea,

117 791 205 851 Alvos
219 793 344 869 accipite
360 798 390 851 et
404 793 482 852 oerts
498 810 571 870 opus
585 793 745 862 infundite,

117 876 154 935 Vt
168 893 205 936 ex
220 893 324 954 sapore
340 873 435 935 mellis
451 883 481 935 et
494 875 591 937 forma
605 876 674 945 lavi,

115 958 159 1020 De
174 961 242 1038 quis
255 976 335 1019 nnnc
350 961 462 1036 agitur,
478 966 581 1020 auctor
595 959 702 1020 horum
717 969 869 1041 appareat.

117 1043 192 1103 Fuci
206 1050 362 1103 recusant:
386 1042 492 1121 apibus
507 1043 642 1104 condicio
657 1042 764 1122 placet.

116 1126 200 1186 Tunc
214 1126 265 1186 illa
279 1125 330 1187 tali
345 1128 393 1186 ius
408 1126 476 1187 tulit
491 1128 651 1187 sententia:

114 1211 258 1287 Apertum
273 1216 319 1271 est
333 1211 398 1289 quis
413 1228 471 1271 non
485 1212 594 1290 possit,
612 1218 642 1271 et
656 1213 723 1290 quis
737 1212 856 1274 fecerit.

115 1293 302 1373 Quapropter
317 1293 423 1373 apibus
437 1295 568 1354 fructum
584 1297 709 1355 restituo
725 1314 821 1357 suum.

157 1377 239 1438 Hanc
254 1381 464 1457 praeterissem
479 1377 609 1440 fabulam
623 1379 753 1449 silentio,

115 1460 147 1522 Si
162 1467 278 1541 pactam
293 1462 354 1523 luci
369 1480 428 1522 non
444 1469 633 1522 recusassent
645 1462 745 1524 tidem.

447 1610 641 1672 FABVLA
662 1612 742 1672 XIV.

316 1710 374 1759 DE
391 1708 504 1759 Lvsv
520 1709 574 1759 En
586 1710 871 1762 SEVERITATE.

156 1794 322 1855 Puerorum
338 1796 369 1853 in
385 1793 472 1854 turba
486 1794 606 1873 quidam
621 1793 772 1855 ludentem
786 1797 902 1856 Atticus

113 1878 261 1958 Aesopum
276 1876 403 1938 nucibus
418 1895 485 1937 cum
500 1878 636 1948 vidisset,
652 1881 765 1940 restitit

114 1961 153 2024 Et
166 1963 253 2042 quasi
269 1961 396 2022 delirum
411 1964 487 2022 risit.
517 1961 600 2032 Quod
616 1965 711 2023 sensit
724 1963 813 2023 simul

113 2046 233 2108 Derisor
247 2047 449 2125 potiusquam
464 2045 645 2106 deridendus
659 2065 760 2116 senex,

113 2133 221 2190 Arcum
236 2138 390 2190 retensum
404 2131 504 2207 posuit
518 2131 550 2188 in
564 2129 663 2188 media
678 2132 740 2190 via:

112 2214 207 2274 Heus!
229 2215 340 2293 inquit,
357 2214 489 2292 sapiens,
507 2212 626 2290 expedi,
643 2212 716 2291 quid
729 2214 864 2274 fecerim.

113 2298 271 2359 Concurrit
285 2296 421 2376 populus.
451 2295 503 2356 llle
519 2315 550 2358 se
565 2304 686 2376 torquet
701 2297 753 2356 diu

112 2382 176 2442 Nec
188 2383 372 2462 quaestionis
386 2382 499 2459 positae
515 2398 633 2442 causam
647 2379 804 2458 intellegit.

112 2464 278 2525 Novissime
294 2463 470 2526 succumbit.
501 2464 576 2525 Tum
591 2467 685 2525 victor
700 2465 827 2544 sophus:

111 2548 177 2610 Cito
192 2566 312 2627 rumpes
327 2566 443 2617 arcum,
460 2565 577 2626 semper
592 2550 617 2607 si
632 2556 749 2609 tensum
763 2547 922 2618 habueris;

110 2632 148 2694 At
163 2634 188 2691 si
202 2632 326 2701 laxaris,
343 2649 411 2692 curn
426 2631 505 2692 voles
521 2633 580 2692 erit
593 2632 686 2692 utilis.

153 2715 203 2775 Sic
218 2715 305 2775 ludus
319 2717 417 2775 animo
433 2715 522 2776 debet
537 2715 695 2795 aliquando
710 2716 785 2786 dari,

110 2799 154 2861 nd
169 2798 358 2876 cogitandum
371 2798 477 2859 melior
492 2806 525 2859 ut
538 2800 641 2860 redeat
654 2799 721 2859 tibi.

451 2948 645 3009 FABVLA
665 2949 731 3009 XV.

398 3044 524 3098 CAMS
541 3047 600 3097 AD
617 3046 805 3099 AGNVM..

151 3132 233 3193 Inter
247 3132 373 3212 capellas
390 3149 465 3209 agno
480 3131 593 3211 palanti
608 3133 705 3192 canis:

108 3216 219 3286 Stulte,
235 3218 347 3295 inquit,
364 3233 463 3286 erras;
479 3234 538 3276 non
554 3222 600 3276 est
613 3215 662 3275 hic
676 3223 771 3277 mater
786 3223 852 3277 tua:

107 3300 243 3379 Ovesque
260 3308 428 3376 segregatas
443 3300 575 3360 ostendit
588 3300 703 3379 procul.

107 3381 174 3445 Non
188 3383 269 3443 illam
284 3400 409 3461 quaero,
426 3401 519 3462 quae,
536 3402 604 3445 cum
618 3382 738 3444 libitum
753 3391 812 3453 est,
828 3383 969 3464 concipit,

107 3466 183 3529 [lein
198 3473 297 3548 portat
311 3483 385 3527 onus
399 3468 534 3544 ignotum
550 3469 642 3530 certis
656 3467 822 3538 mensibus.
903 3514 909 3523 .
1054 3471 1079 3516 ’ἢ
