2362 3854
106 190 151 258 62
386 196 547 251 PHAEDRI
566 196 790 252 uunvuasvu

430 379 621 440 FABVLA
642 379 751 440 XXIV.

382 484 569 538 coltmx
592 485 653 536 ΕΤ
680 484 800 539 owe.
911 492 913 498 ’

239 574 344 630 Multos
361 573 497 630 lacessere
515 573 622 629 debiles
640 576 670 629 et
687 573 786 629 cedere
802 573 932 630 fortibus.

79 758 82 762 ἡ
151 679 259 741 Odiosa
274 681 378 740 cornix
392 697 485 759 super
499 698 584 740 ovem
598 679 789 750 consederat;

108 761 202 834 Quam
216 764 304 825 dorso
319 781 386 824 cum
401 764 518 825 tulisset
532 765 625 824 invita
639 769 669 823 et
684 763 751 824 diu:

108 847 186 918 Hoc,
202 849 313 926 inquit,
331 849 358 907 si
373 847 492 909 dentato
507 848 631 907 fecisses
646 849 722 917 cani,

108 930 223 992 Poenas
237 930 379 991 dedisses.
408 930 461 992 llla
476 937 578 991 eontra
592 932 737 1010 pessima:

107 1013 246 1093 Despicio
261 1016 406 1085 inermes,
422 1015 526 1075 eadem
540 1014 613 1074 cedo
627 1013 772 1083 lortibus;

109 1097 177 1158 Scio
193 1115 281 1177 quem
295 1096 452 1168 lacessam,
468 1100 517 1159 cui
532 1097 633 1158 dolosa
647 1096 797 1167 blandiar;

108 1180 178 1241 ldeo
193 1188 343 1242 senectam
358 1182 441 1242 mille
455 1184 487 1242 in
502 1199 594 1242 annos
608 1198 747 1260 prorogo.

436 1332 628 1392 FABVLA
647 1331 740 1391 XXV.

360 1427 524 1480 SERVVS
539 1428 595 1479 Eu
611 1427 818 1480 nomme.

227 1507 345 1564 Nullum
361 1509 544 1565 maledictum
561 1510 624 1563 esse
638 1507 752 1578 gravim
769 1508 948 1573 conscientia.

150 1597 223 1658 Cum
238 1615 341 1658 servus
356 1614 483 1674 nequam
499 1597 615 1658 Socrati
628 1596 830 1671 malediceret,

107 1680 235 1740 onrem
250 1680 364 1740 domini
378 1681 430 1759 qui
446 1683 631 1759 corrupisset
644 1682 701 1749 sui,
811 1676 815 1684 '

107 1762 199 1843 idque
214 1763 264 1823 ille
279 1766 372 1823 sciret
385 1770 488 1824 notum
503 1763 781 1824 circumstantibus:

107 1846 211 1907 Places
225 1845 299 1916 tibi,
315 1848 427 1924 inquit,
444 1849 515 1925 quia
529 1849 578 1907 cui
592 1865 652 1907 non
667 1844 758 1906 debes
772 1846 888 1924 places;

48 1955 50 1958 >
108 1929 166 1989 Sed
181 1947 241 1989 non
254 1931 383 2007 inpune,
399 1931 469 2008 quia
484 1931 532 1989 cui
547 1928 639 1989 debes
654 1947 714 1988 non
727 1929 839 2008 places.
1050 1934 1069 1988 5

425 2080 617 2140 FABVLA
637 2080 747 2140 XXVI.

358 2176 493 2230 mue
510 2177 565 2230 ET
582 2177 816 2231 BVBVLGVS.

207 2257 312 2312 Multos
328 2257 422 2312 verbis
439 2257 559 2313 blandos
576 2273 636 2313 esse
654 2259 684 2313 et
699 2258 814 2327 pectore
830 2256 966 2313 infideles.

150 2346 223 2407 Cum
238 2354 409 2407 venatorem
423 2345 569 2425 celeripes
583 2347 703 2425 fugeret
716 2347 801 2427 lepus

107 2430 144 2491 Et
158 2447 175 2488 a
190 2427 320 2490 bubulco
334 2431 415 2490 visus
429 2447 552 2509 veprem
566 2431 735 2509 inreperet:
901 2504 904 2508 Α

106 2513 165 2575 Per
179 2530 303 2592 superos
318 2530 372 2572 oro
386 2530 499 2591 perque
514 2531 584 2593 spes
599 2531 700 2574 omnes
715 2521 792 2582 tuas,

107 2596 213 2657 Nemo
228 2596 358 2665 indices,
374 2594 519 2666 bubulce;
534 2596 610 2657 nihil
626 2614 766 2675 umquam
780 2597 851 2657 mali

106 2680 184 2740 lluic
199 2696 270 2757 agro
285 2679 355 2739 ieci.
384 2679 422 2740 At
436 2681 581 2740 rusticus:
611 2678 655 2739 Ne
672 2681 823 2748 timueris;
1051 2688 1067 2738 1

106 2763 179 2824 Late
194 2780 327 2824 securus.
355 2762 475 2841 lamque
490 2770 613 2822 venator
628 2779 769 2841 sequens:

106 2844 237 2917 Quaeso,
253 2844 399 2915 bubulce,
416 2846 558 2926 numquid
575 2846 632 2906 huc
647 2847 729 2905 venit
742 2846 845 2925 lepust

106 2931 209 3000 Venit,
225 2930 278 2990 sed
293 2929 368 2991 abiit
382 2929 437 2991 hac
453 2931 489 2990 ad
504 2930 632 2999 laevam3
649 2936 679 2990 et
693 2929 846 2991 dexteram

106 3013 296 3074 Demonstrat
309 3023 384 3075 nutu
398 3020 524 3093 partem.
553 3014 682 3094 Venator
698 3016 775 3074 citus

106 3097 172 3158 Non
186 3095 332 3157 intellexit
346 3115 437 3177 seque
453 3116 470 3158 e
485 3103 646 3177 conspectu
660 3093 793 3158 alistulit.
1035 3102 1068 3154 10

107 3180 191 3240 Tunc
205 3180 248 3239 sic
263 3178 422 3241 bubulcus:
452 3181 567 3260 Ecquid
582 3186 628 3240 est
642 3187 759 3258 gratum
773 3178 840 3250 tibi,

106 3261 191 3334 Quod
205 3269 235 3324 te
250 3262 362 3323 celavit
390 3261 523 3339 Linguae
538 3281 661 3343 prorsus
675 3280 735 3324 non
750 3280 827 3342 nego

106 3346 224 3409 Habere
239 3353 326 3426 atque
341 3363 429 3424 agere
444 3348 587 3408 maximas
600 3364 648 3406 me
662 3348 789 3423 gratiam

67 3493 70 3497 .
107 3431 215 3492 Verum
230 3429 323 3492 oculis
337 3438 371 3492 ut
384 3431 513 3510 priveris
527 3437 596 3511 opto
610 3431 743 3510 perfidis.
