2362 3854
130 206 172 272 30
408 208 568 264 PHAEDRI
588 208 813 266 FABVDARVM
858 254 862 260 .

131 360 233 438 Ignem
247 371 322 434 ergo
333 375 496 438 quaerens,
514 359 626 438 aliquot
640 359 774 421 lustravit
789 357 903 425 domus.

132 442 322 523 Tandemque
338 445 466 513 invenit,
483 442 535 502 ubi
551 442 702 503 lucernam
717 443 903 504 accenderet.
1073 491 1076 497 .

132 527 208 588 Tum
223 530 337 589 circum
353 528 435 587 eunti
450 528 549 587 fuerat
563 527 642 606 quod
656 529 715 587 iter
730 528 856 605 longius,
1073 537 1091 589 o

130 611 237 672 Effecit
251 610 387 671 brevius:
410 629 537 689 namque
552 619 635 671 recta
650 613 817 690 personum

131 695 236 774 Coepit
249 695 361 755 redire.
391 694 429 754 Et
443 695 563 774 quidam
578 713 595 755 e
609 695 696 755 turba
711 697 862 772 garrulus:

131 781 261 857 Aesopo,
277 778 376 838 medio
391 778 451 838 sole
467 779 538 857 quid
555 797 621 839 cum
636 779 767 840 lumine?

130 863 302 932 Hominem,
318 865 429 941 inquit,
446 880 572 941 quaero,
590 871 620 923 et
635 861 709 924 abiit
723 865 868 924 festinans
883 864 1013 926 domurn„

171 946 234 1008 Hoc
250 950 275 1007 si
290 946 431 1006 molestus
445 946 495 1006 ille
511 947 548 1007 ad
563 949 694 1008 animum
709 948 834 1016 rettulit,
883 1007 884 1010 ,
1060 969 1091 1022 10
1145 1017 1151 1027 g

131 1031 231 1092 Sensit
244 1031 379 1110 prolecto
394 1048 426 1090 se
441 1030 592 1091 hominem
606 1049 666 1091 non
681 1033 777 1091 visum
792 1035 867 1102 seni,

129 1115 340 1194 Intempestive
355 1117 408 1193 qui
427 1122 569 1193 occupato
584 1115 738 1176 adluserit.

516 1247 703 1349 nobum

173 1367 338 1445 Supersunt
352 1365 428 1425 mihi
442 1383 518 1445 quae
533 1365 678 1435 scribam,
694 1366 747 1427 sed
762 1384 850 1446 parco
865 1368 981 1440 sciens;

130 1452 264 1513 Primum
279 1467 343 1510 esse
357 1449 461 1509 videar
474 1467 512 1509 ne
527 1448 585 1509 tibi
599 1449 760 1520 molestior,

129 1535 289 1611 Distringit
302 1552 391 1613 quem
406 1533 564 1594 multarum
579 1552 682 1594 rerum
696 1538 841 1606 varietas;

130 1619 207 1680 Dein
221 1619 316 1697 siquis
331 1617 434 1678 eadem
449 1618 526 1678 forte
543 1620 645 1678 conari
659 1618 740 1688 velit,

130 1701 247 1764 Habere
263 1709 297 1762 ut
310 1704 404 1780 possit
417 1702 528 1781 aliquid
544 1705 644 1781 operis
657 1703 786 1763 residui:

130 1785 269 1856 Quamvis
283 1788 426 1846 materiae
441 1793 522 1845 tanta
537 1786 669 1846 abundet
684 1789 778 1864 copia,

129 1870 240 1932 Labori
254 1868 340 1930 saber
354 1876 388 1930 ut
402 1868 495 1938 desit,
512 1887 571 1929 non
585 1868 671 1930 fabro
685 1869 779 1930 labor.

130 1955 274 2015 Brevitati
289 1959 408 2013 nostrae
422 1955 588 2031 praemium
603 1961 637 2013 ut
650 1953 772 2023 reddas,
788 1961 868 2032 peto,

129 2038 213 2108 Quod
229 2055 261 2098 es
275 2036 438 2116 pollicitus:
461 2035 569 2096 exhibe
584 2039 665 2096 vocis
678 2037 777 2098 tidem.

129 2122 204 2183 Nam
219 2123 279 2182 vita
294 2122 382 2181 morti
396 2122 518 2201 propior
533 2128 579 2181 est
593 2121 711 2192 cotidie,

129 2206 167 2268 Et
181 2206 237 2267 hoc
252 2208 351 2266 minus
364 2208 519 2283 perveniet
533 2205 570 2264 ad
584 2224 632 2266 me
649 2207 790 2277 muneris,
805 2257 808 2261 .

129 2290 193 2360 Quo
208 2289 274 2369 plus
289 2297 443 2349 consumet
458 2291 601 2367 temporis
616 2289 727 2350 dilatio.
795 2341 797 2346 .

49 2414 53 2419 -
130 2375 162 2435 Si
178 2377 236 2434 cito
251 2391 314 2433 rem
330 2389 471 2452 perages,
487 2391 559 2434 usus
572 2374 624 2433 fiet
636 2373 768 2455 longior:

15 2497 21 2514 .
129 2459 226 2519 Fruar
241 2457 369 2526 diutius,
386 2458 411 2516 si
427 2457 555 2518 celerius
570 2475 686 2536 cepero.

128 2543 310 2618 Languentis
325 2542 389 2600 aeri
404 2541 475 2600 dum
489 2549 558 2601 sunt
572 2541 687 2621 aliquae
702 2542 855 2620 reliquiae,

128 2625 246 2687 Auxilio
260 2625 343 2685 locus
357 2631 417 2684 est:
441 2625 511 2685 olim
526 2627 609 2685 senio
624 2625 754 2685 debilem

129 2709 252 2771 Frustra
267 2709 405 2769 adiuvare
420 2707 537 2768 bonitas
551 2710 663 2769 nitetur
677 2716 736 2778 tua,

130 2795 203 2856 Cum
218 2797 277 2854 iam
292 2793 417 2853 desierit
430 2811 496 2852 esse
512 2791 639 2852 benficio
654 2792 737 2853 utilis

129 2878 168 2940 Et
181 2896 262 2937 mors
275 2878 372 2936 vicina
387 2875 534 2954 flagitabit
550 2875 693 2937 debitum.

130 2962 257 3024 Stultum
274 2961 428 3021 admovere
443 2961 499 3021 tibi
514 2978 620 3040 preces
634 2963 782 3032 existimo,

129 3044 273 3107 Proclivis
287 3045 365 3105 ultro
381 3062 447 3104 curn
462 3047 501 3104 sit
518 3047 733 3106 misericordia.

130 3129 223 3208 Saepe
239 3130 400 3206 inpetravit
414 3130 529 3189 veniam
544 3130 697 3190 confessus
710 3145 797 3190 rens:

129 3211 244 3282 Quanto
258 3213 409 3272 innocenti
423 3212 532 3272 iustius
546 3211 634 3272 debet
650 3212 734 3273 darii

129 3297 211 3357 Tuae
226 3302 295 3356 sunt
309 3302 423 3375 partes;
439 3295 560 3355 luerunt
575 3296 699 3358 aliorum
714 3297 807 3373 prius
889 3327 891 3331 ⁴

129 3381 204 3442 Dein
219 3379 310 3442 simili
325 3397 397 3459 gyro
411 3381 531 3439 venient
545 3379 670 3440 allorum
685 3380 774 3439 vices.

129 3463 261 3526 Decerne
276 3463 355 3545 quod
369 3463 489 3541 religio,
506 3464 583 3543 quod
598 3465 710 3545 patitur
725 3463 808 3535 tides,
