2362 3854
125 213 167 279 28
216 182 218 187 ⁵
403 220 565 276 eumont
585 219 808 276 raornmvm

127 368 291 431 Novissime
305 370 475 450 prolapsam
490 370 615 431 ellundit
630 372 792 439 sarcinam;

125 452 235 513 Verum
250 454 345 523 illam,
361 473 437 534 quae
451 473 498 514 me
513 457 608 516 nutrit
623 454 740 514 admoto
756 454 849 514 ubere

126 537 314 617 Fraudatque
329 548 412 599 natos
426 539 518 609 lacte,
534 557 572 599 ne
588 538 665 598 desit
678 538 776 601 mihi.

127 621 238 682 Tamen
252 623 304 683 illa
319 630 364 683 est
378 625 498 702 potior,
506 641 582 702 quae
597 630 627 683 te
643 625 770 701 peperit
802 620 867 680 Non
884 622 924 679 ita
941 627 997 680 est.

129 705 208 766 Vnde
225 705 275 767 illa
291 709 392 776 scivit,
408 709 494 783 niger
510 725 547 766 an
562 706 647 767 albus
662 706 820 766 nascerer?

126 792 187 866 Age
202 808 307 869 porro;
322 809 428 870 parere
443 792 469 851 si
484 790 628 850 voluisset
642 790 792 858 feminam,

126 871 203 943 Quid
217 875 409 952 profecisset,
425 891 516 954 quum
531 891 651 933 crearer
665 873 832 934 masculus?

127 959 309 1020 Beneficium
323 976 463 1036 magnum
478 976 548 1019 sane
562 958 654 1018 natali
668 955 774 1025 dedit,¹

56 1112 59 1117 0
127 1041 163 1100 Vt
178 1050 381 1121 exspectarem
395 1043 508 1103 lanium
522 1045 554 1102 in
568 1042 658 1102 horas
672 1040 818 1118 singulas!

129 1125 218 1187 Cuius
231 1133 362 1204 potestas
375 1127 455 1187 nulla
469 1130 501 1186 in
516 1126 664 1203 gignendo
679 1126 746 1192 luit,

128 1209 188 1270 Gur
202 1209 257 1270 hac
272 1213 312 1270 sit
325 1213 438 1290 potior,
454 1228 529 1289 quae
544 1211 670 1269 iacentis
684 1210 820 1269 miserita
836 1215 881 1268 est

126 1291 307 1373 Dulcemque
322 1301 426 1373 sponte
441 1300 572 1373 praestat
587 1292 843 1353 benevolentiam?

128 1375 212 1436 Facit
225 1385 364 1456 parentes
379 1377 510 1446 bonitas,
527 1395 587 1437 non
601 1379 773 1437 necessitas,
929 1383 931 1387 '

170 1462 223 1521 His
238 1462 443 1532 demonstrare
457 1461 550 1522 voluit
564 1468 667 1521 auctor
681 1460 818 1520 versibus

129 1544 282 1606 Obsistere
296 1547 432 1607 homines
445 1545 578 1624 legibus,
594 1546 712 1605 meritis
727 1546 803 1622 capi.

464 1729 656 1791 FABVLA
677 1729 758 1789 XVI.

395 1845 552 1898 cIcADA
568 1845 623 1895 En
640 1842 823 1895 Nocrve.

171 1963 354 2027 Humanitati
369 1967 421 2044 qui
437 1983 468 2025 se
483 1982 543 2024 non
559 1962 770 2031 accommodat,

129 2047 306 2127 Plerumque
321 2066 433 2128 poenas
448 2050 562 2128 oppetit
575 2045 744 2127 superbiae.

171 2131 278 2192 Cicada
293 2131 434 2194 acerbum
448 2140 573 2192 noctuae
588 2133 751 2191 convitium

130 2214 285 2286 Faciebat,
302 2217 405 2277 solitae
419 2219 530 2278 victum
545 2219 577 2277 in
592 2215 728 2275 tenebris
742 2230 888 2293 quaerere

130 2299 264 2379 Cavoque
279 2318 362 2360 ramo
377 2318 483 2380 capere
499 2318 634 2361 somnum
648 2298 790 2359 interdiu.

129 2383 241 2460 Rogata
256 2391 316 2454 est,
332 2392 365 2444 ut
379 2391 502 2445 taceret.
531 2383 622 2443 Multo
636 2382 763 2444 validius

130 2467 263 2528 Clamare
278 2471 386 2546 coepit.
416 2468 531 2528 Rursus
545 2467 661 2527 admota
676 2484 766 2546 prece

129 2552 259 2612 Accensa
274 2553 369 2629 magis
383 2558 438 2612 est.
468 2551 581 2611 Noctua
595 2558 629 2610 ut
643 2551 718 2610 vidit
732 2548 791 2608 sibi

130 2633 249 2694 Nullum
264 2652 328 2696 esse
343 2636 485 2695 auxilium
501 2642 531 2694 et
544 2633 635 2693 rerba
650 2634 800 2693 contemni
816 2649 879 2703 sua,

129 2717 191 2778 Hac
206 2724 251 2778 est
265 2719 403 2797 adgressa
417 2717 567 2797 garrulam
582 2717 713 2777 fallacia:

129 2801 266 2862 Dormire
280 2805 350 2882 quia
364 2821 412 2864 me
426 2821 486 2864 non
502 2803 603 2862 sinunt
617 2807 722 2861 cantus
736 2801 789 2870 tui,

130 2885 242 2946 Sonare
257 2887 401 2948 citharam
416 2905 490 2967 quos
504 2892 591 2965 putes
605 2885 758 2964 Apollinis,

129 2969 237 3030 Potare
252 2978 298 3030 est
312 2973 429 3031 animus
443 2977 560 3039 nectar,
576 2969 655 3048 quod
669 2969 765 3029 Pallas
780 2967 855 3030 mihi

129 3053 232 3132 Nuper
247 3055 381 3125 donarit;
397 3058 423 3115 si
437 3073 497 3115 non
511 3053 642 3123 fastidis,
658 3056 742 3121 reni;

129 3137 192 3197 Vna
207 3136 355 3199 bibamus.
385 3138 454 3208 Illa,
470 3156 546 3218 quae
562 3137 664 3197 arebat
678 3139 738 3205 siti,

132 3221 227 3282 Simul
241 3224 379 3300 cognorit
392 3239 493 3282 rocem
507 3220 622 3281 laudari
637 3237 732 3300 suam,

131 3305 412 3385 Cupideadvolavit.
442 3305 556 3366 Noctua
571 3320 689 3381 egressa
705 3320 720 3362 e
736 3319 807 3362 cavo

131 3388 342 3470 Trepidantem
357 3397 524 3451 consectata
539 3394 584 3448 est
599 3394 629 3448 et
642 3387 702 3448 leto
717 3385 804 3449 dedit.

124 3473 178 3533 Sic
194 3477 258 3534 rira
272 3474 351 3554 quod
364 3480 490 3554 negarat
503 3472 611 3534 tribuit
621 3483 746 3533 mortua.
816 3535 819 3541 ,
