2362 3854
502 205 608 260 LIBER
629 205 676 262 IV.

441 395 605 455 FABVLA
626 395 734 456 XXIV.

337 501 557 554 FORMIOA
581 499 641 553 M*
666 501 837 555 MVSGA.

132 592 233 671 [Nihil
248 620 336 681 agere
351 603 430 683 quod
445 621 505 664 non
519 606 630 683 prosit,
646 603 754 666 labella
770 603 934 686 admouet]

151 689 289 749 Formica
305 696 335 747 et
349 704 450 748 musea
465 688 683 749 contendebant
698 690 818 758 acriter,

109 772 189 843 Quae
203 770 300 851 pluris
313 779 401 831 esset.
431 770 530 832 lllusoa
545 773 589 833 sic
603 774 701 852 eoepit
714 775 812 851 prior:

111 856 253 918 Conferre
269 856 380 916 nostris
393 864 427 916 tu
441 861 526 934 potes
539 862 569 916 te
584 854 739 917 laudibus?

109 939 165 1000 Vbi
181 939 353 1008 inmolatur,
370 945 437 999 exta
451 946 610 1017 praegusto
625 940 728 1010 deum;

108 1023 209 1083 Moror
223 1025 303 1084 inter
318 1039 397 1091 aras,
413 1021 522 1101 templa
535 1023 683 1102 perlustro
698 1024 804 1084 omnia.

108 1106 142 1166 ln
158 1108 254 1186 capite
269 1108 349 1184 regis
363 1105 468 1176 sedeo,
485 1123 553 1167 cum
567 1108 664 1169 visum
678 1114 724 1167 est
737 1108 830 1177 mibi,

109 1190 147 1250 llt
160 1198 362 1251 matronarum
377 1197 457 1250 casta
472 1189 571 1251 delibo
586 1191 695 1252 oscula.

108 1274 225 1335 Laboro
240 1274 329 1345 nihil,
346 1279 433 1353 atque
449 1275 570 1352 optimis
583 1273 676 1335 rebus
689 1276 782 1336 fruor.

108 1356 186 1428 Quid
200 1358 308 1419 borum
322 1357 417 1418 simile
432 1357 489 1420 tibi
504 1359 665 1436 contingit,
680 1359 812 1420 rusticai

108 1440 162 1502 Est
176 1440 323 1519 gloriosus
338 1459 408 1501 sane
423 1443 576 1501 convictus
590 1442 688 1512 deum,

110 1524 168 1584 Sed
183 1524 241 1594 illi,
258 1527 309 1604 qui
324 1525 479 1594 invitatur,
494 1543 553 1584 non
569 1526 620 1604 qui
633 1527 747 1587 invisus
763 1533 817 1588 est.

108 1609 182 1668 Aras
195 1610 381 1687 frequentas:
404 1625 510 1687 nempe
526 1607 669 1686 abigeris,
685 1628 774 1688 quom
788 1611 882 1671 venis.

109 1691 205 1768 Reges
219 1709 423 1752 conmemoras
437 1698 467 1751 et
480 1698 682 1753 matronarum
696 1693 813 1762 oscula;

110 1775 206 1854 Super
221 1777 311 1836 etiam
325 1777 432 1845 iactas,
448 1781 551 1851 tegere
566 1775 644 1854 quod
659 1775 749 1837 debet
761 1776 868 1855 pudor.
921 1839 927 1852 ,

110 1858 191 1919 Nihil
206 1859 337 1919 laboras:
360 1859 427 1919 ideo
442 1876 510 1919 cum
525 1877 599 1938 opus
613 1867 672 1929 est,
689 1859 731 1920 nil
745 1859 847 1920 babes.

108 1941 171 2019 Ego
186 1959 310 2019 granum
326 1944 359 2002 in
372 1942 503 2002 hiemem
517 1960 586 2003 oum
599 1942 731 2004 studiose
746 1960 885 2021 congero,

109 2024 151 2084 Te
167 2028 247 2085 cirea
261 2042 379 2085 murum
393 2027 475 2103 pasci
490 2026 576 2086 video
590 2033 732 2087 stercore.

109 2108 228 2169 Aestate
243 2125 291 2167 me
305 2106 441 2177 lacessis;
457 2125 525 2167 cum
540 2106 644 2168 bruma
659 2116 720 2178 est,
736 2109 816 2170 siles.

108 2191 183 2251 lllori
198 2198 380 2251 contractam
395 2198 506 2251 comte
522 2197 631 2269 cogrmt
644 2191 765 2269 frigora,

108 2274 154 2334 lile
168 2277 287 2354 copiosa
302 2276 411 2353 recipit
425 2274 603 2335 incolumem
617 2274 732 2335 domus.

109 2358 188 2419 Satis
201 2359 335 2438 proiecto
349 2358 461 2418 rettudi
476 2357 656 2436 superbiam.

150 2442 270 2503 Fabella
285 2441 352 2503 talis
367 2442 519 2502 bominum
532 2441 676 2502 discernit
688 2449 773 2504 notas

108 2525 233 2594 Eorum,
249 2528 301 2604 qui
316 2543 348 2586 se
363 2525 447 2586 lalsis
461 2532 567 2586 ornant
581 2525 730 2596 laudibus,

104 2607 145 2668 Et
159 2627 285 2687 quorum
300 2611 394 2670 virtus
409 2608 531 2669 exbibet
545 2608 672 2670 solidum
687 2609 785 2672 deeus.

436 2760 625 2853 unsrun
647 2761 739 2821 xxv.
760 2797 762 2802 ·

512 2858 663 2911 Pomm.

149 2941 296 3011 Quantum
310 2942 443 3003 valerent
457 2943 537 3003 inter
550 2942 686 3004 homines
700 2943 827 3013 litterae,

106 3024 174 3086 bin
189 3026 341 3105 superius:
364 3033 491 3104 quantus
504 3043 584 3086 nuno
598 3025 659 3086 illis
672 3026 766 3086 honos

107 3110 131 3168 Α
146 3110 263 3186 superis
277 3111 316 3169 sit
329 3109 473 3178 tributus,
490 3108 606 3169 tradam
620 3111 792 3170 memoriae.

150 3190 319 3252 Simonides
332 3191 492 3263 idem'ille,
509 3193 546 3253 de
561 3210 619 3271 quo
634 3192 746 3262 rettuli,

106 3276 221 3335 Vietori
235 3273 352 3335 landem
366 3277 482 3336 cuidam
496 3282 599 3356 pyctae
613 3283 647 3336 ut
661 3276 819 3346 scriberet,

107 3357 196 3419 Certo
212 3357 375 3418 conductus
388 3361 486 3438 pretio
501 3367 649 3421 secretum
662 3364 748 3439 petit.

107 3441 220 3520 Exigua
235 3459 301 3503 eum
315 3441 449 3503 frenaret
461 3444 587 3504 materia
601 3445 744 3523 inpetum,
