2362 3854
507 224 616 280 LIBER
635 226 686 284 ΙΠ.

118 372 265 454 Sperante
280 371 423 434 heredem
439 373 533 434 suffici
549 391 580 434 se
594 375 772 453 proximum.

117 456 176 528 Qui
191 476 258 518 cum
273 458 310 518 de
324 476 419 536 puero
433 457 525 518 multa
539 460 681 518 mentitus
695 459 773 520 foret

116 541 155 603 Et
169 542 255 621 plura
270 541 306 602 dc
321 541 443 618 flagitiis
458 548 555 601 castae
569 541 714 612 mulieris,

116 625 233 686 Adiecit
247 625 293 696 id,
310 625 389 704 quod
403 624 552 695 sentiebat
565 627 693 685 maxime

115 708 285 771 Doliturum
301 711 425 778 amanti,
441 710 586 768 ventitare
602 708 767 770 adulterum

117 792 287 873 Stuproque
303 794 384 871 turpi
399 791 492 870 pollui
505 792 614 852 famam
628 792 743 852 domus.

114 876 260 938 Incensus
274 876 324 937 ille
339 876 413 936 falso
428 878 530 936 uxoris
544 878 669 936 crimine
688 904 690 909 ·

117 961 274 1022 Simulavit
287 961 346 1019 iter
361 960 398 1019 ad
412 960 512 1020 villam
527 960 660 1038 clamque
676 962 708 1020 in
724 961 833 1039 oppido

116 1044 273 1106 Subsedit:
297 1043 404 1104 deinde
420 1050 508 1103 noctu
523 1044 622 1103 subito
638 1046 757 1104 ianuam

115 1127 253 1198 Intravit,
269 1135 351 1188 recta
366 1126 536 1187 cubiculum
552 1128 652 1187 uxoris
665 1133 779 1206 petens,
834 1180 842 1203 ,

115 1212 150 1273 ln
164 1231 222 1291 quo
238 1211 368 1272 dormire
383 1217 480 1270 mater
495 1217 597 1271 natum
611 1212 745 1281 iusserat,

114 1297 249 1358 Aetatem
265 1295 394 1356 adultam
409 1312 529 1354 servans
544 1295 725 1371 diligentius.

115 1379 192 1441 Dum
208 1385 354 1459 quaerunt
367 1378 482 1448 lumen,
498 1378 568 1438 dum
583 1385 762 1439 concursant
776 1380 898 1452 familia,

114 1463 181 1524 lrae
196 1464 324 1524 furentis
338 1464 473 1540 inpetum
487 1480 547 1521 non
562 1464 715 1522 sustinens

115 1547 160 1608 Ad
174 1547 284 1607 lectum
298 1546 430 1616 accedit,
446 1547 617 1624 temptatio
631 1546 766 1607 tenebris
780 1555 878 1625 caput.

114 1631 153 1690 Vt
167 1633 258 1691 sentit
272 1637 406 1700 tonsum,
422 1629 520 1706 gladio
535 1636 638 1708 pectus
653 1633 799 1707 transigit,

114 1714 197 1777 Nihil
211 1716 395 1792 respiciens,
412 1714 482 1774 dum
497 1712 628 1773 dolorem
641 1714 782 1774 vindicet.
900 1785 903 1793 Ι

114 1797 251 1858 Lucerna
266 1798 376 1867 adlata,
392 1797 478 1857 simul
494 1796 629 1874 adspexit
642 1798 735 1858 lilium

115 1879 311 1960 Sanctamque
326 1898 449 1941 uxorem
464 1881 661 1943 dormientem
676 1882 824 1953 cubiculo,

115 1965 218 2045 Sopita
232 1969 329 2045 primo
344 1983 420 2043 quac
434 1965 477 2025 nil
493 1983 595 2025 somno
611 1973 760 2036 senserat;

112 2047 359 2129 Repraesentavit
371 2051 404 2109 in
419 2067 452 2109 se
466 2066 591 2127 poenam
605 2051 748 2110 facinoris

112 2132 152 2194 Et
165 2133 247 2194 terro
262 2131 415 2212 incubuit,
430 2131 510 2211 quod
525 2132 684 2192 credulitas
700 2134 870 2193 strinxerat.

112 2219 307 2279 Accusatores
321 2217 509 2296 postularunt
523 2215 679 2276 mulierem

110 2300 293 2381 Romamque
308 2306 518 2380 pertraxerunt
533 2299 570 2360 ad
585 2303 791 2362 centumviros.

111 2383 402 2464 Maligna-insontem
417 2384 561 2464 deprimit
575 2386 709 2463 suspitio,

110 2466 197 2538 Quod
211 2467 289 2529 bona
303 2468 462 2548 possideat.
492 2466 578 2527 Stant
591 2470 709 2545 patroni
724 2469 844 2529 fortiter

111 2552 238 2614 Causam
252 2559 371 2613 tuentes
385 2552 553 2611 innocentis
567 2551 704 2611 feminae.

154 2638 179 2696 A
194 2635 267 2696 Divo
281 2637 413 2712 Augusto
427 2643 499 2695 tunc
514 2636 627 2713 petiere
642 2635 766 2706 iudices,

109 2719 148 2780 Vt
163 2719 315 2780 adiuvaret
329 2721 406 2780 iuris
420 2718 542 2779 iurandi
557 2719 654 2788 tidem,

110 2801 197 2872 Quod
210 2804 292 2882 ipsos
307 2819 393 2863 error
407 2803 594 2881 inplicuisset
608 2804 753 2863 criminis.

109 2885 169 2955 Qui
183 2894 338 2966 postquam
353 2885 494 2946 tenebras
510 2886 632 2965 dispulit
647 2886 811 2946 calumniae

109 2970 291 3049 Certumque
305 2969 419 3030 fontem
433 2970 568 3029 veritatis
583 2972 732 3048 repperit:

73 3074 79 3085 ⁸
107 3053 202 3123 Luat,
217 3055 330 3133 inquit,
346 3071 457 3132 poenas
471 3069 560 3112 causa
574 3052 701 3112 libertus
715 3052 800 3122 mali;

107 3135 244 3215 Namque
260 3136 363 3198 orbam
377 3144 447 3198 nato
462 3136 551 3200 simul
566 3142 596 3195 ct
610 3138 756 3216 privatam
770 3138 836 3196 viro
878 3186 881 3191 .

107 3219 307 3281 Miserandam
322 3222 525 3300 potiusquam
540 3219 735 3281 damnandam
751 3222 899 3281 existimo.

108 3303 196 3373 Quod
211 3305 237 3364 si
252 3304 347 3381 delata
361 3311 565 3383 perscrutatus
580 3306 707 3364 crimina

107 3385 326 3449 Paterfamilias
341 3395 435 3458 esset,
457 3391 482 3448 si
497 3388 684 3448 mendacium

107 3469 267 3533 Subtiliter
281 3473 433 3541 rimasset,
449 3490 467 3533 a
480 3471 633 3532 radicibus
