2362 3854
99 120 122 184 4
380 125 540 182 PHAEDRI
560 126 783 183 FABVLARVM

101 274 281 345 Secundam,
297 275 366 355 quia
380 293 446 336 sum
460 276 562 346 fortis,
576 273 717 338 tribuetis
732 276 825 348 mihi:

101 357 191 428 Tum,
207 361 276 438 quia
290 359 358 438 plus
372 359 468 430 valeo,
484 378 532 420 me
547 367 687 439 sequetur
700 362 805 431 tertia:

4 496 5 500 ,
100 441 175 502 Malo
191 443 361 514 adficietur,
377 445 472 522 siquis
486 451 622 523 quartam
635 446 779 522 tetigerit
1028 451 1063 504 10

142 525 192 587 Sic
207 533 299 588 totam
313 527 453 607 praedam
467 529 528 588 sola
541 526 707 607 inprobitas
722 528 856 590 abstulit.

434 657 635 740 clenna
661 679 714 738 vr.

381 777 529 830 Ram
545 777 604 828 AD
621 776 773 830 SOLEM.

141 859 239 922 Vicini
253 863 329 923 iuria
343 861 477 923 celebres
491 861 566 922 vidit
579 863 698 940 nuptias

99 946 233 1024 Aesopus
247 953 277 1006 et
292 948 432 1007 continuo
446 963 569 1007 narrare
583 947 704 1023 incipit:

49 1075 55 1083 .
141 1028 269 1090 onrem
283 1029 431 1109 quondam
446 1028 496 1089 Sol
511 1047 579 1090 cum
593 1027 683 1089 vellet
697 1029 823 1099 ducere,

100 1112 266 1174 Clamorem
279 1130 369 1174 ranae
384 1112 530 1173 sustulere
545 1112 581 1172 ad
596 1111 705 1172 sidera.

100 1197 234 1258 Convitio
248 1204 402 1276 permotus
417 1198 534 1276 quaerit
547 1195 683 1275 luppiter
1042 1204 1061 1257 5

101 1281 224 1342 Causam
239 1279 388 1360 querelae.
418 1279 568 1350 Quaedam
581 1286 646 1340 tum
661 1281 758 1357 stagni
772 1279 887 1342 incola:

99 1362 200 1432 Nunc,
216 1367 327 1444 inquit,
344 1382 446 1427 omnes
460 1382 537 1424 unus
553 1366 651 1425 exurit
666 1364 748 1425 lacus

101 1448 242 1528 Cogitque
256 1451 382 1509 miseras
396 1448 478 1509 arida
491 1447 562 1508 sede
577 1449 680 1508 emori.

99 1530 246 1602 Quidnam
259 1534 393 1594 iuturum
407 1540 467 1602 est,
483 1533 509 1593 si
523 1533 634 1592 crearit
647 1530 778 1592 liberosi

436 1681 626 1742 FABVLA
648 1680 719 1739 VH.

207 1779 375 1832 vvm’ms
391 1779 450 1830 AD
467 1776 699 1829 Pmusomt
715 1772 949 1831 uRAGIOAMss

141 1867 302 1928 Personam
316 1865 460 1941 tragicam
473 1862 551 1922 forte
565 1858 669 1940 vulpes
683 1861 813 1922 viderat·

85 1951 128 2025 ,0,
140 1957 248 2028 quanta
263 1949 392 2028 species,
408 1946 519 2025 inquit,
535 1943 694 2006 cerebrum
707 1929 886 2006 nonhabet!

140 2033 202 2094 Hoc
217 2032 277 2093 illie
292 2031 354 2091 dict
341 2037 405 2090 tum
416 2035 476 2100 est,
492 2028 601 2109 quibus
618 2029 763 2091 honorem
777 2037 808 2090 et
822 2029 948 2105 gloriam

99 2117 231 2179 Fortuna
246 2113 367 2184 tribuit,
383 2131 505 2176 sensum
519 2131 706 2174 communem
721 2112 855 2175 abstulit.

428 2263 621 2342 areuna
642 2265 726 2325 vm.

367 2361 520 2414 vavs
542 2362 602 2414 ΕΤ
625 2360 785 2415 GRVIS.

141 2447 198 2519 Qui
212 2448 343 2526 pretium
357 2449 459 2507 meriti
474 2446 511 2507 ab
526 2445 664 2526 inprobis
678 2446 837 2517 desiderat,

101 2529 150 2594 Bis
164 2538 283 2611 peccat:
306 2530 440 2609 primum
451 2532 590 2609 quoniam
603 2529 740 2607 indignos
755 2530 889 2600 adiuvat:

99 2617 213 2696 lnpune
228 2613 313 2675 abire
328 2614 436 2674 deinde
451 2616 520 2693 qaia
535 2616 595 2674 iam
609 2631 669 2674 non
683 2620 790 2693 potest.

142 2699 182 2761 Os
196 2699 368 2760 devoratum
382 2698 467 2759 iauce
482 2715 548 2757 cum
564 2696 702 2759 haereret
717 2697 789 2777 lupi,

98 2784 204 2861 Magno
219 2780 320 2843 dolore
334 2782 430 2842 victus
445 2782 543 2860 coepit
558 2780 689 2859 singulos

99 2867 229 2927 inlicere·
241 2867 356 2945 pretio,
371 2872 404 2925 ut
418 2863 491 2925 illud
507 2864 698 2926 extraherent
711 2863 831 2925 malum.

99 2950 230 3012 Tandem
244 2966 387 3029 persuasa
401 2954 446 3010 est
459 2950 526 3009 iure
539 2948 666 3010 iurando
680 2949 774 3024 gruis,
789 2971 791 2975 ·

101 3033 252 3112 Gulaeque
267 3033 393 3094 credens
407 3032 474 3092 colli
489 3032 716 3110 longitudinem,

100 3115 301 3179 Periculosam
315 3117 389 3177 fecit
401 3115 580 3185 medicinam
593 3115 675 3194 lupo.

100 3200 125 3261 Α
139 3217 197 3280 quo
211 3218 279 3260 cum
293 3207 412 3280 pactum
425 3199 573 3276 flagitaret
586 3199 766 3277 praemium:

101 3283 219 3362 ingrata
234 3301 281 3353 es,
297 3285 409 3362 inquit,
425 3299 477 3342 ore
492 3299 567 3362 quae
583 3300 599 3342 e
614 3288 715 3342 nostro
731 3288 820 3362 caput

94 3366 248 3428 Incolume
262 3366 424 3429 abstuleris
438 3372 468 3427 et
482 3366 651 3427 mercedem
664 3367 807 3445 postules.
