2362 3854
106 179 145 245 32
387 190 548 246 PHAEDRI
567 189 794 247 FABVLARVM

107 340 301 419 Persequitur
317 339 401 400 illum
416 339 488 399 dura
503 339 557 399 lati
572 339 703 399 miseria.

151 423 226 484 Galli
242 422 376 502 Cybebes
392 425 505 483 circum
520 425 552 483 in
566 430 708 502 quaestus
724 423 835 486 ducere

108 503 232 570 Asinum
246 505 382 568 solebant
396 506 580 567 baiulantem
595 509 738 568 sarcinas,

107 591 136 652 ls
151 609 219 651 cum
233 590 336 651 labore
352 597 382 650 et
396 591 492 670 plagis
507 598 586 651 esset
600 598 745 662 mortuus,

108 675 246 736 Detracta
262 674 339 753 pelle
355 673 415 734 sibi
429 675 568 734 fecerunt
582 681 730 754 tympana.

107 758 214 835 Rogati
229 778 297 819 mox
312 777 329 819 a
344 758 486 837 quodam,
503 757 610 818 delicio
627 776 680 818 suo
808 807 812 815 .

109 842 255 913 Quidnam
270 843 426 912 fecissent,
442 842 499 901 hoc
512 841 603 901 locuti
619 849 689 902 sunt
702 843 807 905 modo:

108 926 235 987 Putabat
249 945 281 987 se
296 933 363 1005 post
378 933 504 986 mortem
519 943 657 986 securum
671 926 769 997 fore:

108 1011 185 1072 Ecce
201 1011 276 1073 aliae
292 1010 396 1089 plagae
411 1017 614 1088 congeruntur
628 1017 756 1072 mortuo.

462 1161 656 1255 uaeque
677 1162 719 1221 Π.

513 1259 664 1311 POETA.

151 1344 283 1406 Ioculare
297 1343 354 1406 tibi
370 1345 502 1414 videtur,
520 1352 550 1404 et
565 1362 635 1404 sane
650 1344 717 1414 levi,

108 1429 187 1490 Dum
201 1429 275 1490 nihil
290 1428 435 1490 habemus
449 1431 557 1498 maius,
575 1428 686 1488 calamo
703 1428 845 1490 ludimus.

110 1512 169 1574 Sed
184 1512 342 1591 diligenter
356 1516 474 1573 intuere
489 1513 544 1573 has
557 1514 676 1572 nenias:

109 1595 255 1666 Quantam
270 1596 325 1658 sub
340 1597 400 1657 illis
414 1597 573 1658 utilitatem
589 1597 738 1675 reperies!

110 1680 175 1740 Non
189 1698 308 1760 semper
319 1699 353 1742 ea
368 1689 450 1751 sunt,
467 1699 542 1761 quae
557 1680 713 1751 videntum
729 1681 842 1758 decipit

109 1765 205 1825 Frons
219 1768 319 1844 prima
333 1765 455 1826 multos:
478 1783 549 1844 rara¹
561 1782 645 1824 mens
659 1764 818 1840 intellegit,

110 1847 194 1918 Quod
209 1850 352 1909 interiore
368 1848 503 1909 condidit
518 1865 589 1907 cura
605 1847 724 1925 angulo.

109 1932 171 1991 Hoc
186 1950 224 1991 ne
239 1932 354 1992 locutus
368 1934 433 1992 sine
448 1931 586 1991 mercede
602 1933 764 2000 existimer,

109 2014 260 2075 Fabellam
276 2015 402 2075 adiciam
414 2015 453 2095 de
468 2014 594 2076 mustela
609 2021 639 2075 et
652 2012 799 2076 muribus.

151 2099 275 2159 Mustela
290 2117 358 2159 oum
373 2101 457 2160 annis
473 2107 503 2158 et
517 2106 637 2161 senecta
652 2097 759 2160 debilis

109 2183 209 2243 Mures
222 2182 337 2244 veloces
351 2202 411 2244 non
427 2182 537 2244 valeret
551 2184 684 2263 adsequi,

109 2267 233 2328 luvolvit
248 2286 280 2328 se
296 2268 393 2327 larina
408 2273 438 2328 at
452 2267 579 2329 obscuro
593 2268 658 2328 loco

8 2403 14 2410 .
111 2351 227 2411 Abiecit
241 2352 445 2429 neglegenter.
475 2351 539 2412 Mus
555 2369 653 2412 escam
667 2360 775 2431 putans

110 2434 237 2495 Adsiluit
251 2444 280 2495 et
295 2453 474 2515 conpressus
488 2433 630 2496 occubuit
643 2437 721 2495 neci.

109 2518 191 2579 Alter
206 2518 357 2589 similiter,
374 2519 481 2580 deinde
496 2522 577 2598 perit
591 2525 622 2579 e't
635 2520 752 2579 tertius.

110 2602 228 2683 Aliquot
242 2605 354 2664 secutis
368 2605 449 2663 venit
464 2610 494 2662 et
507 2603 682 2671 retorridus,

110 2685 166 2756 Qui
181 2705 269 2766 saepe
284 2687 406 2766 laqueos
421 2693 451 2747 et
464 2685 630 2764 muscipula
645 2685 805 2761 effugerem

109 2769 276 2850 Proculque
292 2771 415 2831 insidias
430 2786 556 2829 cernens
570 2769 663 2829 hostis
678 2767 793 2828 callidi:
846 2845 848 2849 Α

111 2853 161 2915 Sic
176 2855 288 2925 valeas,
304 2855 416 2932 inquit,
433 2858 466 2912 ut
479 2853 577 2913 farina
592 2869 639 2922 es,
655 2870 731 2932 qnae
746 2852 840 2913 iacesl

458 3003 650 3064 FABVLA
671 3005 727 3065 ΙΠ.

386 3103 443 3155 ΒΕ
460 3103 604 3154 ἾἮιΡΕ
621 3104 677 3154 E'P
693 3103 797 3162 VVA.

152 3187 242 3248 Fame
259 3195 360 3249 coacta
375 3189 479 3267 vulpes
495 3188 552 3248 alta
567 3190 599 3248 in
614 3190 699 3249 viuea

110 3271 199 3333 Vvam
215 3270 374 3350 adpetebat
389 3274 513 3334 summis
529 3270 638 3332 saliens
652 3271 785 3349 viribus}

111 3355 204 3426 Quam
219 3363 341 3433 tangere
357 3364 463 3418 utnon
478 3358 588 3435 potuit,
605 3355 761 3417 discedens
777 3368 833 3419 alt:

112 3438 248 3502 Nondum
262 3447 377 3502 matura
392 3447 453 3513 est;
468 3441 536 3501 nolo
551 3439 690 3503 acerbam
705 3457 834 3503 sumere.
