2362 3854
140 223 180 271 vt
343 210 392 267 Du
405 211 569 267 PHAEDRI
581 211 669 267 VITA
683 211 731 267 ΕΤ
745 211 911 269 SCRIPTIS.

143 361 293 422 stantibus
311 364 437 440 rogavit.
480 361 563 422 idem
582 368 682 422 tamen
701 363 837 422 insecuto
859 369 993 440 tempore
1015 383 1032 424 a
1051 382 1104 423 no·

143 448 260 506 xiorum
281 447 402 507 iniuriis
421 454 502 506 tutus
522 453 553 506 et
572 464 640 506 cum
659 446 770 507 nullius
789 452 910 524 praeter
929 446 1038 507 samam
1058 450 1104 508 rei

144 537 224 590 esset
244 530 370 609 cupidus
390 532 462 591 satis
481 530 587 591 beatus
611 529 729 590 videtur
747 531 857 590 vixisse
877 548 934 590 nec
953 532 1014 591 nisi
1034 550 1104 610 pro·

143 620 227 674 vecta
246 620 342 674 aetate
363 613 472 675 obisse.
516 614 630 675 Nomen
651 616 684 674 iu
705 615 881 693 antiquitate
904 632 946 675 ac·
958 633 1014 694 per
1034 634 1105 694 pro-

143 700 223 758 xima
249 699 366 759 saecula
392 698 471 759 haud
491 700 533 758 ita
555 716 709 775 magnum,
738 701 854 758 auctius
881 698 967 776 longe
988 701 1103 759 recenti

143 791 277 860 tempore
299 784 437 862 optinuit
480 782 655 862 Aequalium
675 783 741 842 eius
765 788 799 842 ut
818 781 989 843 libertiui'
981 785 1104 861 mgenio

144 865 376 927 obtrectantium
395 866 538 927 invidiam
557 867 719 964 plurimum
734 867 816 945 carpi
832 873 946 927 constat
968 865 1035 926 ab
1026 885 1103 946 1pso.

144 941 284 1011 Ceterum
304 951 340 1010 de
361 953 421 1010 vita
442 959 472 1010 et
492 949 612 1011 casibus
631 952 696 1011 eius
710 968 779 1011 cum
794 949 865 1011 alibi
886 951 962 1011 nihil
982 953 1022 1011 sit
1041 960 1104 1011 tra-

144 1033 239 1095 ditum
260 1036 438 1114 antiquitus,
460 1035 602 1134 quicquid
621 1035 780 1095 innotuit
771 1037 867 1152 ipsius
882 1034 1023 1119 docemur
1038 1053 1104 1095 car·

143 1117 287 1180 minibus.

208 1202 335 1281 Scripsit
363 1211 462 1264 autem
489 1204 637 1282 Aesopum
665 1210 785 1263 secutus
813 1202 982 1264 fabularum
1010 1203 1105 1263 libros

61 1339 64 1343 .
144 1289 289 1366 quinque,
317 1288 464 1367 equibus
488 1294 588 1348 tamen
608 1294 653 1348 sat
674 1287 782 1348 multas
803 1287 993 1347 intercidisse
1015 1306 1103 1366 appa·

143 1379 192 1430 ret
215 1389 275 1431 non
299 1371 386 1431 modo
408 1371 522 1432 Perotti
545 1373 640 1451 copiis
661 1373 713 1451 qui
734 1371 833 1431 medio
856 1371 973 1432 saeculo
999 1374 1105 1450 quinto

144 1453 260 1515 decimo
279 1473 351 1514 usus
365 1455 464 1516 memb
483 1473 538 1516 ana
559 1455 752 1534 locupletiore
773 1454 869 1515 XXXI
889 1462 1025 1544 poemata
1040 1473 1103 1515 ser-

143 1541 222 1599 vavit
245 1557 323 1618 quae
348 1558 408 1600 non
433 1473 659 1619 ιῲθιίιιιιιιιι
650 1541 683 1599 iu
709 1538 864 1599 codicibus
883 1524 1047 1600 Pithoeano
1073 1548 1104 1598 et

143 1622 284 1684 Remensi
304 1623 357 1684 sed
378 1632 408 1684 et
426 1623 544 1684 Romuli
564 1631 595 1684 et
614 1625 753 1703 anonymi
774 1623 930 1684 cuiusdam
948 1621 1103 1702 (Nilantia-

59 1725 216 1767 -num
239 1707 326 1784 vulgo
352 1707 534 1788 nuncupant)
564 1707 707 1786 exemplis
733 1709 785 1786 qui
810 1708 949 1786 apologos
975 1706 1122 1767 Phaedri-

143 1791 301 1870 plerosque
318 1794 351 1852 in
366 1791 535 1870 pedestrem
548 1792 697 1851 resolvere
713 1808 890 1851 sermonem.
922 1790 960 1850 Et
975 1807 990 1849 e
1006 1793 1104 1869 primo

144 1874 244 1936 libello
270 1875 415 1954 quaedam
439 1877 555 1953 perisse
583 1876 679 1953 ipsius
708 1880 813 1952 poetae
842 1876 1015 1934 testimonio
1051 1875 1103 1934 ad-

144 1961 286 2028 struitur,
307 1961 418 2038 quippe
437 1960 489 2036 qui
503 1965 606 2018 narret
619 1960 652 2018 in
668 1975 703 2017 eo
718 1959 807 2017 etiam
823 1957 1027 2018 arbores-esse
1043 1959 1104 2018 col·

143 2042 271 2111 locutas,
295 2044 381 2102 cuius
401 2059 481 2102 nunc
503 2042 625 2120 quidem
644 2043 689 2101 rei
709 2058 765 2101 nec
784 2042 849 2102 vola
870 2059 926 2102 nec
945 2044 1104 2118 vestigium

144 2134 233 2187 extat.
276 2125 435 2186 Praeterea
460 2125 624 2186 secundum
642 2125 779 2185 volumen
800 2134 830 2185 et
850 2127 987 2203 quintum
1008 2123 1103 2204 pluri·

144 2229 225 2271 mum
245 2209 322 2270 labis
343 2211 467 2270 traxisse
489 2210 553 2288 ipsa
575 2211 723 2288 paucitate
745 2208 920 2270 fabellarum
942 2209 1103 2270 indicatur.

144 2293 292 2374 Opuscula
313 2294 426 2353 Perotti
446 2295 529 2353 curis
548 2302 663 2354 servata
683 2292 763 2372 quod
783 2292 904 2371 quidam
918 2303 1102 2370 negaverunt

144 2396 210 2439 esse
224 2376 367 2447 Phaedri,
388 2377 464 2437 mihi
484 2377 605 2456 quidem
625 2395 684 2437 non
705 2395 792 2436 ovum
808 2395 862 2437 ovo
878 2377 1006 2438 similius
1020 2378 1102 2437 vide·

143 2469 193 2522 tur
213 2479 302 2540 quam
320 2461 371 2521 illa
391 2462 517 2540 reliquis
537 2461 574 2521 de
589 2460 699 2541 quibus
713 2478 772 2520 non
788 2459 957 2531 dubitatur,
979 2463 1040 2521 sive
1055 2479 1102 2521 ra·

144 2547 241 2606 tiones
261 2547 426 2604 carminum
442 2546 598 2624 spectaris
621 2547 683 2604 sive
700 2544 865 2604 dictionum
879 2554 1103 2625 metrorumque

144 2630 352 2708 proprietates.
402 2629 478 2689 Puto
508 2636 607 2689 autem
634 2626 788 2688 Perottum
817 2646 904 2688 usum
934 2629 1103 2708 apographo

145 2713 278 2772 mutilato
307 2713 419 2773 codicis
448 2713 601 2797 archetypi
630 2711 778 2772 librorum
803 2710 960 2772 Remensis
989 2731 1024 2772 ac
1052 2713 1103 2772 Pi·

144 2796 281 2866 tboeani,
310 2802 374 2857 tum
402 2787 537 2857 coniecto
566 2813 634 2855 curn
662 2804 742 2856 esset
769 2796 887 2872 integer
914 2797 975 2856 ille.
1020 2796 1102 2857 Vnde

143 2879 230 2941 lacile
245 2879 412 2957 explicatur
427 2879 506 2979 quod
521 2882 657 2940 traiectis
671 2889 784 2940 temere
804 2878 921 2949 verbis,
943 2882 1015 2940 vitio
1031 2882 1104 2941 satis

143 2961 303 3041 singulari,
327 2980 417 3042 saepe
437 2965 496 3025 et
488 2982 520 3023 m
541 2963 643 3024 ltalico
665 2966 718 3023 et'
710 2982 741 3024 ιιι
757 2963 879 3024 Gallicis
892 2963 986 3023 libris
1000 2962 1102 3024 turba·

111 3073 115 3081 ·
143 3055 215 3108 tum.
260 3045 319 3107 Sed
334 3046 370 3107 de
386 3047 441 3108 hac
455 3065 489 3107 re
505 3047 601 3108 dicam
615 3047 696 3108 alibi.
741 3047 880 3108 Ceterum
902 3065 1006 3108 eorum
1027 3066 1103 3127 quae

143 3136 269 3192 aetatem
289 3130 385 3191 tulere
407 3131 621 3209 exemplarium
641 3133 701 3191 lata
722 3133 774 3211 qui
795 3129 935 3210 pluribus
954 3130 1032 3190 volet
1053 3149 1103 3191 co·

141 3232 303 3292 gnoscere,
338 3216 473 3275 inveniet
494 3215 572 3292 apud
594 3214 737 3276 Orellium
763 3217 796 3275 in
822 3214 952 3275 adltione
974 3214 1102 3275 Phaedri

89 3348 93 3354 .
142 3297 246 3358 Turici
266 3298 384 3376 vulgata
410 3317 436 3359 a.
460 3294 541 3360 1831
569 3306 599 3360 et
619 3301 746 3379 repetita
773 3299 910 3377 proximo
932 3316 1008 3358 anuo
1034 3318 1103 3360 cum

141 3399 159 3442 a
201 3381 317 3443 endice.

158 3400 236 3524 pplu
257 3465 425 3544 deligendis
445 3467 683 3548 adornandisque
703 3465 827 3547 fabulis,
848 3484 922 3546 quas
941 3469 1051 3545 partim
1066 3485 1104 3528 ex
