2362 3854
516 231 623 291 LIBER
643 232 665 287 I.

455 379 648 441 FABVLA
672 380 729 439 111.

256 479 479 531 GRAOVINS
497 477 717 529 SVPERBVS
734 477 788 527 ET
806 477 932 529 Pavo·

155 563 198 624 Ne
213 564 335 642 gloriari
349 563 443 624 libeat
458 564 563 624 alienis
582 562 670 623 bonis

114 647 230 726 Suoque
245 650 344 728 potius
358 645 464 708 habitu
479 649 569 708 vitam
585 646 703 723 degere,

112 733 244 810 Aesopus
260 730 416 792 nobishoc
431 731 598 809 exemplum
613 729 755 808 prodidit.

154 815 285 875 Tumens
299 815 380 875 inani
394 814 532 892 graculus
548 812 696 893 superbia,

112 897 228 959 Pennas
241 901 349 978 pavoni
363 917 439 976 quae
455 897 628 958 deciderent
642 896 759 957 sustulit

113 981 209 1060 Seque
226 984 389 1042 exornavit.
419 980 533 1041 Deinde
549 987 740 1040 contemnens
755 997 825 1039 suos

113 1065 151 1124 Se
166 1066 317 1125 inmiscuit
330 1081 476 1143 pavonum
490 1065 619 1123 formoso
634 1065 729 1140 gregi.

112 1147 157 1208 illi
173 1147 328 1227 inpudenti
343 1165 457 1226 pennas
471 1149 603 1226 eripiunt
617 1150 664 1207 avi

112 1232 285 1312 Fugantque
300 1234 415 1292 rostris.
445 1231 520 1291 Male
534 1230 680 1290 mulcatus
694 1229 833 1306 graculus

110 1314 221 1375 Redire
236 1333 372 1376 maerens
387 1317 485 1393 eoepit
500 1314 536 1375 ad
550 1314 705 1393 proprium
721 1330 830 1390 genus;
1038 1318 1070 1370 10

111 1399 135 1457 d
150 1417 208 1476 quo
222 1399 359 1477 repulsus
372 1401 490 1460 tristem
505 1399 645 1459 sustinuit
658 1405 768 1458 notam.

110 1481 135 1540 T
137 1500 187 1541 um
201 1482 319 1561 quidam
335 1501 371 1543 ex
386 1482 461 1550 iliis,
477 1500 552 1561 quos
565 1482 649 1561 prius
663 1481 855 1560 despexerat:

111 1564 272 1626 Contentus
285 1569 396 1626 nostris
410 1568 437 1626 si
451 1567 561 1625 fuisses
575 1564 697 1625 sedibus

109 1646 147 1707 Et
162 1649 241 1727 quud
253 1657 360 1709 natura
375 1648 499 1710 dederat
513 1648 654 1709 voluisses
668 1650 740 1726 pati,

109 1730 171 1790 Neu
186 1730 268 1793 illam
282 1741 422 1812 expertus
437 1734 518 1792 esses
532 1732 740 1791 contumeliam

109 1814 170 1876 Nee
185 1815 261 1876 hane
276 1815 426 1895 repulsam
442 1823 491 1876 tua
506 1817 632 1875 sentiret
646 1814 809 1890 calamites.

337 2013 361 2046 .·
451 1965 644 2026 FABVLA
668 1965 723 2025 IV.

170 2061 297 2112 canae
313 2061 400 2113 ema
415 2062 615 2113 unvvrvm
633 2063 812 2115 cunnum
829 2061 1005 2116 manns.
1036 2129 1042 2140 ι
1071 2116 1079 2131 ,

150 2146 267 2204 Amittit
280 2148 388 2206 merite
402 2149 559 2225 proprium
574 2149 626 2224 qui
642 2147 772 2206 alienum
787 2146 909 2225 adpetit.

108 2229 196 2289 Canis
211 2246 266 2307 per
280 2228 390 2290 flumen
405 2247 526 2289 carnem
541 2229 611 2288 dum
625 2230 721 2289 ferret
733 2236 848 2298 natans,
883 2274 886 2279 .

106 2311 307 2390 Lympharum
321 2314 353 2374 in
368 2312 488 2392 speculo
501 2312 576 2372 vidit
591 2313 781 2381 simulacrum
796 2331 890 2382 suum,

109 2395 260 2474 Aliamque
275 2396 416 2475 praedam
431 2394 469 2456 ab
484 2396 578 2456 alteru
592 2396 666 2456 ferri
681 2403 787 2474 putans

107 2477 233 2556 Eripere
248 2479 355 2540 voluit:
379 2497 482 2540 rerum
497 2479 620 2558 decepta
636 2479 760 2540 aviditas

106 2561 144 2621 Et
159 2581 248 2640 quem
263 2562 384 2624 tenebat
398 2581 450 2624 ore
466 2563 578 2623 dimisit
591 2562 701 2632 cibum,

107 2643 169 2706 Neu
184 2664 272 2724 quem
286 2646 407 2725 petebat
421 2649 518 2726 potuit
534 2646 607 2707 adeo
622 2648 786 2724 adtingere.

456 2781 649 2842 FABVLA
675 2781 714 2840 V.

244 2879 400 2940 ἺΑΟΟΑ,
418 2879 628 2940 ΟΑΡΕΙιΙιΑ,
645 2878 744 2930 owe
760 2879 813 2930 ΠΨ
831 2878 925 2932 mo,

149 2958 315 3040 Numquam
330 2969 375 3023 est
392 2962 488 3023 tidelis
503 2981 571 3023 cum
586 2970 706 3040 potente
721 2965 862 3024 societas:

106 3044 246 3104 Testatur
260 3045 334 3105 haee
347 3045 456 3106 fabella
470 3048 656 3125 propositum
669 3064 778 3106 meum.

150 3128 242 3187 Vacca
258 3135 287 3188 et
301 3129 412 3208 capelia
429 3137 458 3190 et
472 3132 589 3209 patiens
603 3132 667 3190 evis
682 3132 810 3191 iniuriae

106 3211 187 3271 Socii
201 3211 286 3271 fuere
301 3229 369 3272 cum
384 3213 468 3273 leone
483 3216 515 3274 in
530 3213 664 3274 saltibus.

105 3295 143 3356 Hi
157 3311 226 3355 eum
241 3297 389 3373 cepissent
402 3315 523 3357 cervum
537 3299 611 3357 vasti
626 3300 770 3375 corporis,

107 3376 158 3437 Sie
173 3385 219 3439 est
230 3378 347 3439 loeutus
362 3378 497 3457 partibus
512 3382 598 3440 iactis
613 3380 675 3441 leo:

106 3461 170 3538 Ego
183 3464 310 3542 primam
325 3462 412 3535 tolle,
427 3465 564 3524 nominor
578 3467 722 3544 quoniam
731 3466 804 3534 ies·s

836 3556 889 3620 xit·
