2362 3854
121 216 164 282 52
400 219 562 278 PHAEDRI
583 222 808 279 FABVLARVM

467 407 659 467 PABVLA
680 406 735 467 IV.

338 503 627 557 mortemve
645 505 700 557 ΕΦ
717 501 868 556 DOLVB.

403 585 446 640 De
463 585 584 640 veritate
600 587 632 640 et
648 586 804 640 mendacio.

164 690 242 752 Olim
256 690 451 751 Prometheus
465 692 559 751 seculi
573 692 681 768 figulus
695 691 765 751 novi

122 776 199 836 Cura
213 775 316 836 subtili
332 775 495 835 Veritatem
509 775 632 845 fecerat,

121 860 159 920 Vt
173 863 239 921 iura
253 866 355 939 posset
367 860 448 919 inter
462 859 598 920 homines
613 859 752 920 reddere.

122 943 230 1005 Subito
243 944 406 1004 accersitus
420 943 524 1003 nuntio
539 945 640 1019 magni
654 942 732 1003 lovis

121 1027 313 1096 Commendat
328 1028 477 1088 officinam
491 1026 591 1088 iallaci
605 1026 687 1096 llolo,

120 1110 156 1172 ln
167 1111 360 1190 disciplinam
374 1129 471 1190 nuper
486 1129 576 1191 quem
589 1117 757 1190 receperat.

121 1195 177 1255 llic
192 1196 291 1255 studio
304 1213 461 1265 accensus,
476 1195 554 1255 lacie
569 1195 762 1260 simulacrum
776 1194 854 1272 pari,

121 1279 184 1339 Vna
199 1286 325 1348 statura,
342 1278 439 1339 simile
454 1283 485 1337 et
499 1275 643 1339 membris
658 1276 805 1347 omnibus,

120 1360 198 1422 Dum
212 1369 330 1442 tempus
344 1361 464 1431 habuit,
480 1361 587 1422 callida
601 1363 687 1433 tinxit
703 1379 803 1422 manu.

121 1444 206 1516 Quod
221 1464 313 1526 prope
328 1448 387 1507 iam
401 1452 497 1507 totum
511 1447 587 1506 mire
600 1463 668 1506 cum
682 1447 812 1525 positum
826 1447 913 1517 locet,

121 1530 230 1590 Lutum
244 1531 281 1591 ad
295 1530 447 1591 iaciendos
460 1528 505 1590 illi
520 1530 630 1591 deiecit
644 1530 747 1609 pedes.
797 1572 800 1579 -

121 1612 210 1683 Redit
225 1616 380 1691 magister,
397 1632 456 1694 quo
470 1614 647 1675 festinanter
662 1612 752 1674 llolus

121 1697 202 1758 hletu
216 1697 353 1759 turbatu‘s
366 1699 398 1758 in
412 1716 465 1759 suo
480 1698 558 1759 sedit
570 1697 646 1759 loco.

121 1780 233 1842 blirans
247 1781 443 1842 Prometheus
455 1789 568 1842 tantam
583 1780 817 1852 similitudinem,

68 1933 70 1936 y
122 1865 264 1945 Propriae
278 1866 375 1924 rideri
389 1865 482 1925 voluit
497 1867 572 1925 artis
586 1865 721 1942 gloriam.

121 1947 217 2025 Igitur
230 1949 344 2009 tornaci
359 1950 473 2026 pariter
487 1948 546 2009 duo
561 1949 646 2024 signa
660 1948 778 2018 intulit;

121 2031 237 2102 Quibus
252 2034 401 2111 percoctis
416 2039 504 2111 atque
518 2033 618 2093 inluso
633 2033 750 2111 spiritu,

121 2115 252 2179 Modesto
266 2118 487 2194 gressu'sancta
501 2118 625 2176 incessit
637 2115 772 2186 Veritas3

121 2202 159 2260 nt
173 2208 278 2261 trunca
293 2202 408 2279 species
422 2200 520 2261 haesit
534 2202 566 2261 in
581 2201 718 2277 vestigio.

121 2284 206 2344 'lunc
220 2283 293 2344 salsa
306 2286 405 2362 imago
420 2291 508 2363 atque
523 2285 624 2362 operis
638 2285 742 2344 lurtiri
757 2280 842 2343 labor

121 2366 308 2428 Mendacium
323 2366 502 2446 adpellatum
517 2374 578 2438 est;
593 2368 672 2446 quod
686 2366 867 2444 negantibus

121 2450 217 2512 Pedes
232 2450 342 2511 habere
357 2451 454 2512 lacilis
469 2458 515 2512 est
528 2453 695 2511 consensio.
789 2501 791 2505 .
961 2504 964 2509 .

164 2534 306 2595 Simulata
321 2535 472 2596 interdum
486 2537 559 2595 vitia
573 2540 700 2614 prosunt
716 2533 898 2604 hominibus,

122 2616 180 2679 Sed
195 2625 328 2698 tempore
342 2620 409 2700 ipso
422 2626 522 2698 tamen
537 2625 661 2696 apparet
675 2619 798 2679 veritas.

478 2767 672 2829 FABVLA
692 2768 732 2829 V.

506 2865 690 2918 Avcuon.

294 2946 412 3003 Sensum
428 2945 633 3002 aestimandum
650 2963 724 3015 esse,
741 2961 800 3001 non
816 2945 912 3002 verbe.
933 3008 938 3017 ‚

163 3051 247 3114 Ixion
262 3053 340 3132 quod
354 3055 468 3113 versari
483 3061 621 3114 narratur
634 3060 710 3123 rota,

121 3135 287 3197 Volubilem
303 3137 465 3197 Fortunam
479 3139 584 3199 iactari
599 3137 696 3198 docet.

121 3220 270 3280 Adversus
284 3220 359 3281 altos
374 3220 519 3298 Sisyphus
533 3227 650 3281 montes
664 3235 756 3296 agens

122 3303 232 3365 Saxum
246 3303 348 3364 labore
363 3320 492 3373 summo,
508 3303 587 3383 quod
602 3303 639 3363 de
653 3303 776 3374 vertice,

123 3388 237 3449 Sudore
252 3405 371 3466 semper
385 3389 473 3447 irrito
488 3387 660 3456 revolvitur,

117 3471 259 3532 Ostendit
269 3472 426 3532 hominum
441 3472 507 3532 siue
521 3471 579 3533 fine
595 3486 661 3533 esse
676 3472 821 3534 mmeritis.
