2362 3854
131 207 174 272 56
411 211 573 267 PHAEDRI
593 210 825 268 I'ABVLARVM.

132 363 289 441 Feroxque
305 363 459 440 ingenium
474 363 636 442 conprimis
652 361 817 431 clementia,

132 447 222 515 Vide,
238 464 275 507 ne
290 447 413 525 quercla
426 448 522 506 maior
538 453 688 507 accrescat
703 445 818 506 domus.

175 531 330 592 Atrocitati
345 530 540 591 mansuetudo
554 537 600 591 est
614 530 792 591 remedium.

478 682 670 744 FABVLA
690 682 744 743 XI.
823 684 824 687 ’

258 780 449 832 AESOPVS
474 781 529 831 ET
551 781 712 832 weron
739 778 971 836 (amove.
1063 816 1066 821 -

210 919 216 929 ἱ
279 859 423 926 Quomodo
436 859 628 929 conprimatur
639 859 792 927 aliquando
803 860 948 916 ineuntis.

174 949 324 1010 Victorem
338 950 416 1011 forte
430 951 562 1029 gymnici
576 950 752 1009 certaminis

105 1083 110 1090 .
132 1033 341 1098 Iactantiorem
355 1051 424 1094 cnm
437 1033 561 1094 vidisset
576 1031 674 1112 Phryx
688 1032 807 1112 sophus,

133 1117 344 1194 Interrogavit,
359 1136 398 1178 an
411 1117 478 1196 plns
493 1117 681 1178 adversarius

132 1201 280 1264 Valuisset
294 1201 376 1261 einai
405 1201 474 1263 llle:
497 1200 541 1261 Ne
556 1199 636 1261 istud
650 1200 779 1272 dixeris;

132 1284 225 1346 llulto
239 1285 324 1345 luere
338 1286 419 1344 vires
432 1287 562 1345 maiores
574 1301 668 1345 meae.

133 1365 360 1446 ononimus,
376 1383 463 1445 ergo,
480 1367 583 1436 stulte,
603 1368 741 1429 meruisti
757 1367 858 1439 decus,

132 1452 230 1513 Minus
243 1451 391 1512 valentem
406 1453 433 1512 si
447 1452 546 1512 vicisti
561 1451 691 1511 fortiori

133 1535 288 1597 Ferendus
302 1553 398 1606 esses,
413 1536 491 1596 forte
507 1536 577 1596 site
592 1535 708 1595 diceres

134 1619 312 1700 Superasse,
327 1619 434 1680 melior
449 1621 501 1698 qui
515 1619 623 1694 luisset
637 1618 762 1682 viribus.

474 1771 756 1849 nlnvnann.

380 1867 556 1919 Amrws
581 1868 644 1918 AD
670 1866 850 1921 LYRAM.

176 1954 285 2015 Asinus
298 1954 446 2013 iacentem
459 1953 534 2013 vidit
547 1953 579 2012 in
593 1958 678 2030 prato
692 1951 798 2032 lyram.

134 2037 266 2098 Accessit
279 2044 309 2113 et
323 2039 479 2115 temptavit
493 2035 619 2096 chordas
633 2036 761 2113 ungula3

134 2120 268 2182 Sonuere
282 2128 389 2181 tactae.
419 2120 502 2181 Bella
516 2137 581 2190 res,
597 2120 650 2181 sed
664 2120 850 2182 mehercules

134 2204 208 2266 llale
223 2206 329 2275 cessit,
346 2206 460 2283 inquit,
476 2205 549 2265 artis
564 2206 633 2284 qula
645 2222 710 2265 sum
725 2206 853 2266 nescius.

134 2287 167 2349 Si
181 2291 365 2367 repperisset
379 2287 487 2367 aliquis
501 2288 578 2348 hanc
592 2288 775 2367 prudentior,

132 2370 247 2434 Divinis
262 2389 350 2449 aures
366 2369 542 2432 oblectasset
556 2370 703 2433 cantibus.

176 2454 226 2516 Sic
241 2472 330 2535 saepe
345 2456 464 2531 ingenia
480 2455 646 2516 calamitate
660 2456 854 2541 intercidunt.

467 2607 659 2668 FABVLA
683 2608 766 2667 XIII.

342 2704 511 2754 mma
527 2705 667 2755 VIDVA
682 2704 738 2755 ΕΤ
755 2703 896 2758 ms,

272 2784 384 2850 Quanta
400 2783 438 2838 ne
452 2783 640 2839 inconstantia
656 2784 687 2839 ei
702 2783 792 2839 libido
808 2785 966 2845 mulierum.

175 2873 233 2935 Per
248 2874 361 2952 aliquot
374 2890 467 2934 annos
482 2872 625 2953 quaedam
640 2872 783 2935 dilectum
796 2876 893 2936 virum

132 2959 240 3019 Amisit
254 2964 284 3018 et
299 2956 481 3035 sarcophago
496 2975 605 3038 corpus
620 2957 769 3030 condidit;

132 3042 157 3101 A
171 3058 230 3120 quo
245 3040 350 3101 revelli
364 3039 446 3101 nullo
461 3059 529 3102 cum
543 3048 644 3121 posset
657 3041 745 3101 modo

132 3123 171 3185 Et
184 3127 215 3184 in
231 3124 368 3204 sepulcro
382 3126 473 3185 vitam
487 3125 592 3203 lugens
606 3125 738 3203 degeret,
792 3176 794 3180 ,

133 3207 248 3270 Claram
262 3213 396 3268 assecuta
412 3214 457 3267 est
470 3209 579 3269 lamam
593 3215 691 3269 castae
701 3209 852 3289 mulieris.
1076 3217 1095 3274 d

132 3291 249 3353 interea
263 3292 365 3352 lanum
380 3293 432 3370 qui
447 3291 633 3370 conpilarant
646 3292 732 3361 lovis,

133 3374 222 3437 Cruci
236 3376 336 3436 suffixi
350 3375 472 3435 luerunt
485 3392 597 3455 poenas
611 3378 737 3437 numini.

131 3457 246 3521 llorum
259 3459 403 3538 reliquias
416 3461 523 3540 nequis
538 3468 639 3539 posset
652 3461 767 3532 tollere,
