2362 3854
106 211 147 276 10
384 217 545 272 PHAEDRI
565 215 789 272 FABVLARVM

107 365 193 426 Nune
209 368 278 445 quia
292 365 426 436 laboras,
442 374 477 427 ut
489 367 602 427 fruaris
616 365 762 445 reliquiis,

107 447 186 519 Quas
201 458 270 510 sunt
284 452 396 520 rosuri,
412 450 501 511 simul
516 457 547 510 et
561 453 640 528 ipsos
655 450 790 518 devores,

107 532 175 594 Noli
191 535 338 611 imputare
354 552 461 595 vanum
476 533 636 594 benficium
651 532 736 593 mihi.

106 618 202 697 Atque
217 618 260 677 ita
273 615 389 678 locutus
404 617 562 696 inprobam
576 615 636 678 leto
652 617 743 677 dedit.

149 701 212 761 lloc
226 702 259 761 in
273 718 306 760 se
321 700 434 762 dictum
449 700 560 761 debent
574 700 618 761 illi
634 717 805 778 agnoscere,

107 783 239 855 Quorum
253 785 368 863 privata
382 787 475 853 servit
489 784 602 845 utilitas
617 783 675 853 sibi

107 867 145 929 Et
158 869 299 930 meritum
314 869 402 928 inane
417 869 528 930 iactant
542 865 762 945 inprudentius.

424 1019 618 1079 FABVLA
639 1017 750 1077 XXIII.

403 1116 547 1168 CANIS
568 1113 777 1168 smum.

151 1202 284 1282 Repente
298 1200 433 1270 liberalis
449 1200 546 1262 stultis
562 1208 663 1278 gratus
679 1208 733 1268 est,

110 1288 220 1346 Verum
235 1287 342 1364 peritis
355 1286 463 1346 inritos
479 1284 575 1345 tendit
589 1284 681 1344 dolos.

152 1367 321 1428 Nocturnus
336 1385 403 1428 cum
417 1368 466 1428 fur
481 1385 588 1447 panem
603 1368 736 1429 misisset
750 1368 826 1436 cani,

111 1451 236 1514 Obiecto
249 1459 398 1530 temptans
412 1470 449 1512 an
464 1450 532 1512 cibo
547 1457 648 1530 posset
662 1453 743 1530 capi:

111 1535 208 1604 Heus,
223 1537 336 1614 inquit,
352 1535 483 1613 linguam
498 1537 542 1598 vis
556 1552 653 1595 meam
667 1532 872 1614 praecludere,

111 1617 156 1680 Ne
171 1618 277 1680 latrem
290 1636 346 1698 pro
361 1636 394 1678 re
410 1619 542 1680 dominil
570 1618 695 1680 Multum
709 1618 835 1679 falleris.

111 1701 245 1783 Namque
260 1705 318 1765 ista
334 1702 432 1764 subita
446 1721 493 1764 me
508 1702 593 1764 iubet
606 1703 777 1779 benignitas

113 1785 256 1864 vigilare,
271 1787 415 1848 faciasne
430 1804 496 1846 mea
511 1786 597 1864 culpa
611 1786 739 1846 lucrum.

428 1934 621 1994 naevus
634 1934 751 2025 ‘m

361 2031 483 2082 RANA
498 2032 644 2096 RVPuA
660 2032 715 2084 ΕΦ
732 2030 822 2085 Boe.

154 2120 259 2204 Inops,
275 2125 425 2197 potentem
441 2117 512 2178 dum
527 2117 589 2179 vult
602 2118 722 2192 imitari,
746 2120 837 2198 perit.

112 2204 147 2264 ln
162 2210 247 2283 prato
263 2200 410 2281 quondam
424 2217 497 2262 rana
512 2204 666 2281 conspexit
680 2200 785 2262 hovem

113 2288 151 2347 Et
164 2293 242 2346 tacta
256 2283 367 2345 invidia
382 2291 480 2344 tantae
494 2286 706 2363 magnitudinis

113 2369 158 2430 Ro
180 2386 262 2430 osam
276 2367 389 2428 inflavit
403 2368 525 2447 pellem:
548 2378 612 2431 tum
626 2379 712 2431 natos
726 2387 801 2441 suos

113 2386 323 2529 lnAErrogavit,
340 2469 377 2512 an
394 2450 468 2513 bore
483 2461 564 2514 esset
577 2453 675 2515 latior.

113 2537 161 2598 llli
174 2543 330 2614 negarunt.
359 2535 474 2597 Rursus
489 2538 617 2610 intendit
631 2546 729 2598 cutem

112 2620 224 2681 Maiore
238 2621 306 2680 nisu
321 2626 351 2678 et
365 2620 457 2680 simili
471 2623 619 2698 quaesivit
632 2621 729 2690 modo,

114 2703 187 2773 Quis
201 2704 295 2763 maior
309 2711 397 2764 esset.
427 2703 475 2765 llli
490 2703 631 2765 dixerunt
643 2702 760 2764 horem.

113 2785 279 2847 Novissime
293 2786 447 2864 indignata
461 2787 532 2847 dum
546 2787 609 2848 vult
622 2787 749 2849 validius

113 2869 220 2930 lnllare
234 2887 315 2940 sese,
331 2879 420 2951 rupto
435 2873 528 2932 iacuit
542 2889 679 2951 corpore.

406 3093 408 3097 ,
439 3022 631 3083 FABVLA
653 3022 746 3083 XXV.
781 3036 784 3042 ’

361 3119 498 3171 ΟΑΝΕΒ
514 3119 570 3171 E‘I'
588 3117 827 3170 concomm.

156 3200 286 3264 Consilia
301 3205 352 3283 qui
368 3204 439 3265 dant
452 3222 543 3283 prava
558 3208 654 3266 cautis
668 3201 851 3273 hominibus,

114 3284 152 3346 Et
165 3287 295 3365 perdunt
309 3304 431 3366 operam
445 3295 475 3348 et
489 3287 666 3348 deridentur
680 3289 821 3366 turpiter.

156 3370 250 3431 Canes
265 3379 422 3432 currentes
436 3369 541 3432 bibere
556 3374 588 3432 in
603 3369 671 3432 Nilo
685 3371 816 3441 flumine,

110 3452 136 3513 Α
153 3453 312 3514 corcodilis
326 3472 364 3515 ne
378 3456 550 3536 rapiantur,
565 3455 709 3518 traditum
723 3463 777 3518 est
