2362 3854
517 221 625 276 LIBER
645 222 667 277 L

114 373 208 450 lgitur
224 390 290 433 cum
307 386 430 431 currens
445 370 551 431 bibere
566 373 713 450 coepisset
727 374 819 443 canis,

115 457 166 516 Sic
181 457 362 517 corcodilus:
393 454 562 526 Quamlibet
575 455 674 516 lambe
690 457 767 526 otio;

114 538 184 601 Noli
198 542 306 601 vereri.
336 541 374 600 ut
388 540 453 600 ille:
484 540 627 600 Facerem
641 539 838 611 mehercules,

114 623 180 685 Nisi
196 643 260 686 esse
275 626 384 684 scirem
399 624 542 684 carniste
557 623 699 701 cupidum
713 641 807 684 meae.

433 748 625 834 naevus
645 773 754 834 xxvi.

373 871 541 924 VVLPES
557 872 613 923 ΕΤ
628 871 817 926 mooun.

156 957 236 1019 Nulli
250 958 432 1020 nocendum:
455 960 549 1036 siquis
564 975 635 1017 vero
649 956 779 1027 laeserit,

112 1041 295 1103 Multandum
310 1041 401 1102 simili
415 1042 481 1101 iure
499 1039 607 1101 fabella
622 1041 768 1101 admonet

155 1127 265 1207 Vulpes
280 1126 318 1187 ad
332 1143 436 1185 cenam
450 1124 562 1184 dicitur
576 1126 722 1185 ciconiam

112 1208 199 1269 Prior
212 1212 353 1272 invitasse
368 1216 398 1269 et
412 1207 458 1269 illi
472 1210 504 1268 in
519 1211 619 1287 patina
633 1208 775 1288 liquidam

111 1290 250 1354 Posuisse
264 1292 472 1362 sorbitionem,
489 1290 576 1371 quam
591 1292 774 1353 nullomodo

112 1375 239 1438 Gustare
255 1379 389 1438 esuriens
403 1377 536 1456 potuerit
550 1377 673 1437 ciconia.

111 1458 194 1530 Quae
208 1461 327 1540 vulpem
342 1477 409 1519 cum
423 1468 605 1529 revocasset,
622 1461 728 1520 intrito
743 1459 811 1521 cibo

110 1543 233 1618 Plenam
248 1544 384 1621 lagonam
397 1544 512 1622 posuit:
534 1542 605 1603 huic
619 1551 749 1604 rostrum
763 1545 901 1604 inserens

111 1627 244 1687 Satiatur
258 1627 322 1705 ipsa
337 1633 367 1686 et
380 1632 500 1705 torquet
514 1627 665 1686 convivam
679 1628 768 1687 lame.

110 1710 192 1780 Quae
208 1728 275 1771 cum
289 1710 412 1787 lagonae
427 1708 536 1771 collum
549 1710 661 1770 frustra
675 1709 829 1780 lamberet,
1039 1715 1073 1769 lo

84 1825 86 1828 ·
109 1792 304 1872 Peregrinam
318 1795 363 1855 sic
376 1794 504 1855 locutam
518 1793 670 1855 volucrem
685 1796 868 1873 accepimus:

111 1877 171 1939 Sua
186 1880 311 1958 quisque
328 1877 463 1957 exempla
478 1876 568 1937 debet
583 1895 676 1958 aequo
690 1879 790 1940 animo
804 1881 875 1957 pati.

420 2028 612 2089 FABVLA
633 2029 756 2090 XXVII.

182 2125 307 2176 coms
324 2125 379 2176 ΕΤ
396 2124 723 2177 marcomirem
739 2126 997 2180 vvutnvmvs.

197 2209 290 2290 [llaec
305 2229 354 2271 res
370 2212 466 2271 avaris
482 2228 546 2270 esse
562 2212 741 2271 conveniens
754 2217 852 2289 potest

109 2294 148 2355 llt
162 2297 213 2373 qui
228 2294 355 2355 humiles
370 2296 432 2354 nati
447 2294 507 2354 dici
520 2292 682 2373 locupletes
697 2291 841 2374 student]

152 2377 285 2439 llumaua
301 2378 444 2438 effodiens
459 2396 524 2437 ossa
538 2377 712 2438 thesaurum
727 2381 810 2439 cauis

109 2458 227 2522 Invenit
241 2469 271 2522 et
285 2462 409 2522 violarat
422 2463 492 2540 quia
505 2460 607 2521 Manes
620 2461 701 2531 deos,

62 2571 68 2578 ·
109 2545 222 2606 lniecta
237 2552 283 2605 est
296 2544 342 2606 illi
357 2544 528 2607 divitiarum
543 2545 700 2624 cupiditas,

108 2627 223 2689 Poenas
235 2638 268 2689 ut
282 2635 401 2689 sanctae
408 2628 556 2706 Religioni
570 2628 724 2708 penderet.

108 2710 211 2791 ltaque
227 2728 332 2772 aurum
347 2712 417 2773 dum
432 2714 573 2782 custodit,
590 2712 699 2774 oblitus
713 2712 775 2774 cibi

109 2795 200 2856 Fame
215 2803 262 2856 est
275 2804 481 2875 consumptum
497 2814 585 2874 quem
600 2804 682 2858 stans
695 2797 841 2859 vulturius
856 2815 947 2878 super

109 2879 220 2939 Fertur
234 2876 366 2940 locutus:
397 2878 421 2940 0
437 2880 535 2948 canis,
552 2883 660 2940 merito
673 2882 763 2950 iaces,

107 2960 167 3031 Qui
182 2965 349 3043 concupisti
364 2962 463 3023 subito
478 2962 594 3039 regales
609 2981 689 3042 opes,

107 3045 210 3104 Trivio
225 3053 366 3125 concepte
381 3055 412 3110 et
426 3045 550 3106 educate
566 3053 708 3106 stercore.

409 3197 601 3258 FABVLA
626 3197 765 3258 XXVIII.

370 3293 537 3346 VVLPES
552 3295 608 3346 ΕΤ
625 3295 801 3354 AQVM

150 3376 289 3447 Quamvis
303 3375 445 3439 sublimes
460 3378 570 3441 debent
584 3380 711 3441 humiles
723 3389 867 3452 metuere,

108 3460 245 3543 Vindicta¹
259 3459 349 3522 docili
363 3463 433 3542 quia
447 3471 529 3541 patet
544 3464 704 3526 sollertiae.
