2362 3854
483 222 675 280 APPENDIX.

98 372 210 433 Omnes
224 372 325 433 lurore
340 372 428 452 plena
442 378 528 442 rotat
542 379 572 433 et
586 370 712 432 verbera

100 456 244 534 Proponit
257 458 375 532 gravia,
391 473 494 515 verum
509 457 535 516 si
550 474 610 516 non
626 455 767 516 dixerint.

98 538 173 599 Aliis
187 541 316 607 minare,
333 557 381 599 me
396 548 478 600 certe
493 539 572 600 haud
586 539 685 608 falles,
702 542 752 609 ait,

99 622 216 699 Flagris
232 641 297 683 sum
312 639 430 692 caesus,
446 640 550 683 rerum
565 625 635 702 quia
650 623 712 682 dixi
727 622 824 683 modo.

433 774 626 833 FABVLA
647 775 729 835 XVI.

181 870 346 922 GALLVS
363 870 546 923 momen
562 873 592 922 A
609 871 791 923 musve
808 870 983 924 VEO'I'VS.

125 950 248 1004 Nimiam
266 951 445 1006 securitatem
462 967 547 1020 saepe
563 951 594 1004 in
610 951 767 1018 perieulum
785 950 911 1006 homines
929 950 1040 1005 ducere.

141 1038 227 1099 Feles
242 1038 372 1099 habehat
385 1039 481 1116 gallus
493 1038 672 1100 lecticarios.

99 1122 185 1182 lluno
199 1122 363 1199 gloriosum
376 1123 481 1201 vulpes
495 1129 529 1183 nt
542 1123 616 1182 vidit
629 1123 707 1193 vehi,

55 1241 57 1247 ·
98 1205 149 1265 Sic
164 1213 209 1266 est
224 1205 335 1267 locuta:
365 1206 470 1267 Moneo
484 1223 663 1286 praecaveas
677 1207 794 1279 dolum:

98 1287 225 1350 lstorum
241 1289 338 1350 vultus
352 1308 481 1370 namque
497 1293 522 1351 si
537 1291 720 1361 consideras,

99 1372 243 1433 Praedam
257 1381 377 1452 portare
392 1374 523 1445 iudices,
540 1392 601 1435 non
616 1377 774 1437 sarcinam.

507 1487 652 1526 *ἃ*

140 1573 299 1653 Postquam
315 1575 429 1634 esurire
445 1577 543 1653 coepit
557 1592 644 1634 saeva
659 1576 795 1643 societas,

98 1656 265 1738 Discerpsit
280 1656 432 1718 dominum
448 1666 477 1718 et
491 1659 564 1718 fecit
579 1664 680 1737 partes
693 1658 848 1718 facinoris.

423 1810 616 1871 exorno
638 1778 734 1871 xvir.

215 1904 396 1960 'SGROPA
412 1907 688 1960 mmmm
705 1907 761 1958 ΕΤ
778 1907 927 1959 LVPVB.

176 1986 345 2042 Faciendum
361 1988 439 2057 prius
456 1988 576 2055 hominis
593 1988 759 2057 periculum,
777 2002 863 2054 quam
880 1986 939 2042 eius
956 1986 986 2041 te

452 2055 612 2108 committes
630 2055 704 2109 fidei.

116 2145 120 2149 ’
142 2141 299 2201 Premente
314 2149 402 2220 partu
417 2142 513 2202 scroia
528 2132 596 2202 cuin
610 2148 745 2218 gemeret
758 2142 868 2210 iacens,

98 2225 237 2285 Accurrit
252 2225 340 2304 lupus
354 2231 385 2285 et
399 2224 571 2285 obstetricis
583 2225 720 2303 partibus

99 2308 138 2368 Se
153 2325 241 2386 posse
256 2309 341 2384 iungi
357 2307 446 2377 dixit,
463 2310 640 2388 promittens
654 2325 751 2388 opem.

99 2389 181 2461 Quae
197 2409 267 2451 vero
281 2398 385 2452 nosset
398 2393 530 2471 pectoris
545 2392 680 2453 fraudem
694 2390 823 2470 inprobi,

100 2474 277 2554 Suspectum
294 2475 423 2535 ollioium
437 2476 607 2555 repudiavit
620 2473 745 2537 malefici

99 2559 151 2618 Et:
183 2557 261 2619 Satis
275 2565 335 2627 est,
350 2560 462 2639 inquit,
478 2561 504 2620 si
520 2559 644 2620 recedes
657 2560 784 2636 longius

100 2640 187 2710 Quod
199 2643 222 2700 si
237 2643 381 2721 perfidiae
396 2662 429 2704 se
445 2645 643 2704 commisisset
656 2643 730 2722 lupi,-

100 2723 206 2786 Partus
220 2724 322 2786 dolore
337 2727 398 2787 lata
413 2725 582 2807 oonplesset
595 2745 659 2791 sua.

415 2861 610 2939 ruerus
631 2861 743 2920 xvrn.

231 2957 423 3009 Amsorvs
439 2958 495 3009 ΕῚ·
513 2958 677 3010 SERVVS
693 2956 930 3010 PROFVGVS.

310 3037 373 3091 Non
391 3053 450 3093 esse
467 3036 543 3092 malo
563 3037 726 3093 addendum
741 3038 856 3093 melum.

143 3123 252 3185 Servus
265 3127 440 3204 profugiens
455 3126 608 3187 dominum
622 3124 747 3188 na'turae
763 3145 896 3207 esperoe,

99 3208 216 3286 Aesopo
231 3212 362 3272 occurrit
376 3218 464 3272 notus
479 3229 496 3271 e
510 3213 630 3272 ricinia.

100 3289 177 3362 Quid
193 3298 226 3352 tu
241 3294 400 3355 confusus?
428 3294 532 3355 Dicam
547 3294 606 3356 tibi
621 3295 715 3365 clare,
732 3302 828 3374 pater,

99 3375 163 3435 Hoc
177 3393 304 3455 namque
320 3395 353 3437 es
368 3377 476 3460 dignus
491 3379 639 3458 appellari
653 3381 783 3447 nomine,
928 3382 930 3389 ⁴

100 3455 176 3518 'luto
191 3460 312 3539 querela
326 3462 396 3540 quia
411 3461 490 3540 apud
504 3469 534 3522 te
549 3463 721 3542 deponitur.
