2362 3854
200 212 239 278 16
476 213 638 270 PHAEDRI
657 212 882 271 FABVLARVM

198 366 232 427 ln
245 365 445 427 Misenensem
458 362 557 424 villam
571 363 702 424 uenisset
717 380 808 433 suam,

198 448 278 520 Quae
292 456 393 510 monte
408 465 523 509 summo
537 447 633 527 posita
647 446 763 507 Luculli
777 465 868 508 manu

197 532 372 612 Prospectat
386 532 521 593 Siculum
536 538 567 591 et
580 532 705 614 respicit
718 530 849 594 Tuscum
863 548 960 593 mare:

197 616 242 678 Ex
257 616 417 679 alticinctis
430 633 508 677 unus
523 614 715 684 atriensibus,

199 700 252 762 Cui
268 701 367 762 tunica
383 698 421 763 ab
436 701 549 761 umeris
564 698 657 759 linteo
671 697 792 760 Pelusio

198 784 270 845 Erat
284 783 440 853 destricta,
456 785 546 844 cirris
561 777 807 862 dependentibus,

197 867 427 930 Perambulante
441 867 519 928 laeta
533 866 652 927 domino
667 865 782 935 viridia,

137 965 140 970 ·
198 951 317 1012 Alveolo
332 953 429 1031 coepit
442 949 541 1028 ligneo
556 967 756 1029 conspergere

198 1036 328 1097 Humum
342 1043 540 1106 aestuantem,
557 1052 640 1096 come
656 1035 787 1096 officium
801 1034 957 1106 lectitans:

200 1119 258 1180 Sed
273 1119 439 1180 deridetur.
468 1118 541 1180 lude
556 1122 635 1180 notis
649 1116 779 1180 llexibus

198 1202 473 1273 Praecurritalium
488 1204 519 1262 in
533 1209 666 1280 xystum,
681 1201 789 1263 sedans
803 1202 966 1280 pulverem.

199 1288 340 1364 Agnoscit
353 1285 504 1347 hominem
519 1285 626 1346 Caesar
640 1303 763 1365 remque
778 1285 933 1363 intellegit.

199 1370 227 1431 ls
240 1376 274 1431 ut
288 1372 404 1448 putavit
417 1387 483 1431 esse
497 1370 599 1430 nescio
614 1369 687 1449 quid
701 1369 787 1430 boni:

199 1453 293 1515 lleus!
314 1455 412 1534 inquit
427 1453 573 1514 dominus.
602 1452 655 1513 llle
671 1456 822 1514 enimuero
837 1452 946 1524 adsilit,

199 1537 370 1599 Donationis
385 1536 487 1611 alacer,
498 1544 597 1597 certae
611 1537 729 1614 gaudio.

198 1621 276 1682 'lum
290 1622 333 1682 sic
348 1622 444 1682 iocata
459 1628 504 1682 est
518 1626 600 1682 tanta
614 1623 755 1682 maiestas
769 1619 871 1681 ducis:

199 1703 264 1765 Nou
278 1704 404 1766 multum
419 1707 507 1782 egisti
522 1711 553 1766 et
566 1723 657 1785 opera
672 1707 854 1784 nequiquam
865 1703 958 1784 perit;

200 1788 288 1849 llulto
303 1791 426 1850 maioris
440 1788 540 1868 alapae
555 1806 672 1849 mecum
686 1795 825 1849 veneunt.

545 1938 736 1999 FABVLA
757 1938 811 1999 VI.

468 2036 632 2096 AQVILA
648 2036 703 2087 ΕΤ
721 2033 896 2089 comm.

244 2123 353 2186 Contra
366 2130 504 2204 potentes
518 2140 605 2185 nemo
621 2130 666 2183 est
680 2123 812 2184 munitus
827 2122 916 2192 satim

202 2206 235 2268 Si
251 2226 321 2268 vero
336 2209 461 2268 accessit
476 2207 649 2268 consiliator
663 2205 822 2275 maleficus,

201 2292 253 2353 Vis
268 2299 298 2352 et
311 2292 444 2372 nequitia
458 2291 600 2370 quicquid
616 2296 800 2369 oppugnant,
817 2290 887 2349 ruit.

243 2375 348 2455 Aquila
361 2377 394 2435 in
408 2373 535 2435 sublime
548 2373 668 2436 sustulit
680 2373 869 2435 testudinem.

202 2458 283 2530 Quae
298 2477 366 2519 cum
380 2456 546 2519 abdidisset
559 2475 668 2518 cornea
682 2475 791 2535 corpus
806 2457 893 2517 domo

6 2500 14 2629 ,Ι
98 2552 101 2555 ’
201 2543 265 2604 Nec
277 2542 337 2604 ullo
352 2548 439 2621 pacto
452 2540 531 2602 laedl
545 2549 645 2620 posset
660 2541 788 2609 condita,

202 2626 288 2687 Venit
300 2644 356 2705 per
370 2643 456 2687 auras
471 2626 575 2686 cornix
590 2631 621 2685 et
633 2632 758 2703 propter
772 2624 889 2685 volans:

202 2710 336 2789 Opimam
351 2727 422 2771 sane
436 2709 577 2788 praedam
591 2710 717 2787 rapuisti
731 2707 898 2785 unguibus:

202 2794 261 2855 Sed
274 2795 333 2855 nisi
347 2799 513 2855 monstraro
528 2792 599 2872 quid
614 2794 654 2853 sit
666 2791 835 2852 laciendum
849 2791 915 2863 tibi,

179 2898 187 2915 ·
202 2878 290 2939 Gravi
303 2879 484 2957 nequiquam
499 2884 529 2936 te
544 2874 668 2937 lassabit
682 2875 822 2955 pondere.

201 2962 350 3022 Promissa
365 2968 450 3040 parte
465 2960 583 3029 suadet,
600 2966 633 3019 ut
648 2959 803 3039 scopulum
817 2976 908 3039 super

201 3045 275 3106 Altis
290 3043 327 3106 ab
343 3047 431 3106 astris
445 3045 550 3105 duram
563 3042 671 3104 inlidat
684 3045 835 3111 corticem,

201 3127 264 3197 Qua
279 3130 447 3189 conminuta
461 3128 548 3188 facile
563 3136 701 3187 vescatur
717 3126 795 3187 cibo.

200 3211 324 3272 lnducta
338 3211 438 3271 verbis
452 3210 564 3289 aquila,
580 3212 703 3272 monitis
716 3212 824 3289 paruit,
906 3261 913 3276 .

201 3293 297 3356 Simul
312 3302 343 3354 et
356 3297 514 3372 magistrae
529 3293 610 3370 large
626 3293 726 3355 divisit
740 3293 856 3373 dapem.

201 3379 251 3439 Sic
265 3384 327 3440 tuta
342 3395 416 3457 quae
431 3384 555 3439 naturae
569 3378 668 3439 luerat
680 3395 816 3450 munere,

192 3459 286 3538 Inpar
299 3461 416 3524 duabus
432 3463 543 3525 oceidit
557 3463 638 3525 tristi
652 3480 736 3524 nece.
