2362 3854
460 253 463 257 .
503 222 612 284 LIBER.
631 222 653 280 L

100 371 205 434 Dolosa
219 370 323 450 vulpes
337 371 430 432 avidis
444 373 545 450 rapuit
560 369 709 432 dentibus.

100 455 176 516 Tum
192 455 310 516 demum
324 457 472 533 ingemuit
485 456 568 514 corvi
583 455 726 533 deceptus
740 461 855 532 stupor.

144 538 222 619 [Hac
236 557 270 600 re
284 537 429 618 probatur
444 545 587 617 quantum
601 539 755 615 ingenium
769 536 861 607 valet3

100 621 215 684 Virtute
232 640 351 701 semper
365 622 516 702 praevalet
530 618 702 701 sapientie]

432 771 626 832 FABVLA
647 770 729 832 XIV.

353 868 415 920 EX
431 867 597 921 SVTORE
614 867 814 921 immolre.
914 902 917 907 -

142 954 237 1016 Malus
252 971 319 1015 cum
335 962 418 1014 sutor
433 956 534 1032 inopia
549 953 721 1032 deperditus

100 1039 277 1100 Medicinam
291 1040 392 1114 ignoto
407 1038 507 1097 lacere
522 1039 671 1115 coepisset
679 1036 749 1108 ¹loco

100 1123 138 1183 Et
152 1122 319 1182 venditaret
332 1121 407 1181 laiso
422 1120 586 1181 antidotum
600 1121 730 1189 nomine,

100 1204 243 1266 Verbosis
257 1205 417 1288 adquisivit
432 1202 492 1265 sibi
506 1205 614 1265 lamam
629 1204 771 1283 strophis.

100 1289 156 1351 llic
170 1307 238 1349 cum
252 1291 365 1349 iaceret
378 1287 483 1348 morbo
498 1288 650 1349 conlectus
665 1290 750 1365 gravi

101 1370 164 1433 Rex
177 1372 277 1442 urbis,
293 1374 359 1433 eius
374 1371 547 1450 experiendi
560 1374 656 1448 gratia

101 1455 250 1535 Scyphum
264 1457 416 1536 poposcit:
437 1456 503 1517 lusa
518 1456 588 1516 dein
603 1455 745 1517 simulans
759 1472 835 1535 aqua

100 1540 240 1600 Antidoto
254 1541 381 1600 miscere
396 1538 477 1600 illius
492 1556 524 1600 se
538 1541 680 1608 toxicum,

100 1622 232 1683 Ebibere
247 1624 335 1683 iussit
349 1624 447 1701 ipsum
461 1624 559 1701 posito
573 1624 716 1701 praemio.

100 1705 222 1767 Timore
235 1708 341 1767 mortis
355 1706 405 1767 ille
421 1713 483 1766 tum
498 1706 651 1767 confessus
665 1713 710 1767 est

99 1789 166 1850 Non
181 1792 254 1851 artis
268 1789 328 1851 ulla
343 1790 475 1851 medicae
490 1808 522 1850 se
536 1790 704 1870 prudentia,

100 1875 208 1935 Verum
223 1882 345 1953 stupore
360 1875 442 1951 vulgi
456 1874 566 1935 factum
581 1872 721 1934 nobilem.

98 1955 162 2018 Rex
177 1957 314 2019 advocata
330 1959 468 2018 contione
483 1958 558 2018 haec
572 1958 680 2019 edidit:

99 2040 230 2110 Quantae
245 2042 358 2119 putatis
373 2059 438 2101 esse
453 2059 505 2101 vos
519 2041 696 2109 dementiae,

100 2123 158 2193 Qui
173 2125 269 2202 co'plta
283 2131 380 2183 vestra
394 2140 454 2183 non
470 2122 613 2184 dubitatis
627 2123 760 2192 credere,

100 2206 154 2268 Cui
170 2206 342 2268 calceandos
356 2223 442 2266 nemo
457 2207 606 2266 commisit
619 2204 729 2284 pedesl

141 2289 203 2351 Hoc
217 2290 371 2370 pertinere
385 2306 455 2349 vere
470 2288 507 2350 cd
521 2288 588 2350 illos
603 2288 738 2360 dixerim,
754 2337 758 2341 .

99 2372 232 2443 Quorum
247 2373 373 2434 stultitia
388 2380 526 2453 quaestus
541 2372 742 2452 impudentiae
757 2380 813 2434 est.

441 2523 633 2584 FABVLA
653 2522 718 2584 XV.

254 2621 409 2673 nsmvs
426 2623 484 2673 An
503 2621 648 2673 summm
664 2620 917 2673 Pnsronnnu..

140 2707 175 2768 ln
188 2709 359 2787 principatu
374 2708 581 2769 commutando
594 2708 713 2786 saepius

100 2791 148 2852 Nil
162 2799 282 2870 praeter
296 2791 409 2851 domini
423 2809 531 2853 nomen
545 2798 661 2852 mutant
675 2807 830 2869 pauperes.

99 2875 132 2935 Id
148 2892 212 2935 esse
227 2892 331 2935 verum
345 2892 435 2952 parva
448 2874 522 2936 haec
535 2873 643 2935 labella
657 2873 778 2934 indicat.

141 2957 271 3019 Asellum
286 2959 317 3019 in
332 2963 417 3037 prato
423 2957 554 3021 ,timidus
568 2955 708 3037 pascebat
722 2973 823 3020 senex.

99 3041 128 3103 ls
142 3041 273 3102 hostium
288 3041 415 3104 clamore
431 3039 529 3102 subito
543 3043 667 3101 territus
739 3069 741 3072 ⁴

100 3123 250 3186 Suadebat
264 3125 346 3186 asino
360 3126 481 3203 fugere,
495 3142 533 3185 ne
548 3128 669 3202 possent
684 3122 760 3202 capi.

99 3210 137 3270 At
151 3208 201 3269 ille
215 3208 328 3269 lentus:
353 3206 483 3280 Quaeso,
499 3225 571 3270 num
585 3207 671 3268 binas
685 3208 760 3268 mihi

99 3292 231 3356 Clitellas
245 3293 444 3370 inpositurnm
457 3293 600 3353 victorem
614 3291 719 3370 putas?

99 3375 198 3438 Senex
212 3377 340 3453 negavit.
369 3374 448 3452 Ergo
463 3375 533 3455 quid
547 3376 642 3437 relert
655 3393 729 3444 mea,

100 3459 155 3521 Cui
170 3460 314 3521 serviam?
335 3458 459 3526 clitellas
474 3458 543 3518 dum
558 3466 676 3540 portem
689 3474 785 3520 meas.
