2362 3854
299 199 347 255 DE
361 200 524 257 PHAEDRI
537 200 626 256 VITA
638 200 686 256 ET
700 199 867 271 senueris.
1028 207 1067 257 lx

102 349 169 408 bom
191 356 332 420 exeunte,
361 353 447 411 cuius
471 353 538 412 vitii
563 351 693 430 plurima
714 351 848 432 exempla
866 349 1002 411 Phaedro
1022 351 1067 410 in-

102 432 197 492 tulere
218 434 308 494 docti.

165 517 364 597 Anapaestum
384 519 496 599 ubique
523 538 577 599 pro
600 520 731 598 spondeo
753 522 824 599 poni
851 521 897 581 las
919 527 978 588 est,
1009 535 1067 597 qua

104 610 202 662 tamen
222 609 343 681 praeter
361 607 492 682 primum
512 612 543 664 et
564 605 701 682 quintum
720 604 818 665 locum
837 614 899 664 non
919 606 960 664 ita
977 618 1066 682 saepe

103 689 197 747 utitur
217 689 347 766 scriptor
367 691 468 758 venia,
490 707 547 749 nec
567 706 638 748 vero
660 706 800 767 umquam
821 687 858 749 ab
880 687 985 748 eodem
1002 685 1068 746 bini

103 771 314 832 continuantur
334 772 426 851 pedes
445 772 602 833 eiusmodi.
646 772 768 851 Dactylo
784 775 816 832 in
830 773 927 851 prima
947 772 1066 850 potissi·

103 873 184 914 mum
204 857 352 934 tertiaque
371 863 401 916 et
415 864 521 936 quarta
536 857 606 918 sede
621 856 705 917 locus
720 863 776 917 est.
819 856 1067 918 Proceleusmati·

103 957 157 999 cus
171 945 287 1000 tantum
301 942 388 1001 initio
404 943 516 1001 senarii
531 940 700 1002 adhibetur.
731 940 891 1002 Praeterea
905 939 1081 1002 notandum·

104 1024 180 1082 arsis
196 1022 352 1084 solvendae
367 1042 480 1085 morem
495 1027 552 1085 etsi
568 1027 640 1084 satis
661 1026 866 1103 frequentem,
886 1032 987 1085 tamen
1001 1023 1067 1102 plu·

104 1109 214 1166 cimum
229 1109 261 1167 in
275 1106 427 1168 vocabulis
440 1108 508 1187 plus
522 1127 612 1188 quam
628 1108 780 1187 disyllabis
795 1109 936 1169 inveniri.
963 1107 1007 1168 Ex
1022 1109 1068 1168 eis

104 1192 293 1268 excipiuntur
313 1193 537 1253 tribrocdorum
562 1192 608 1253 vel
634 1195 666 1252 in
688 1191 874 1254 tribrachum
895 1193 1067 1253 exeuntium

98 1282 207 1351 partes
215 1344 218 1348 ¹
219 1276 412 1350 paenultima
426 1283 456 1337 et
469 1279 590 1351 ultimo,
616 1279 648 1337 in
668 1295 757 1355 quam
779 1277 903 1338 solutam
918 1279 1003 1337 arsin
1019 1293 1066 1336 ca·

104 1359 176 1419 dere
187 1359 280 1420 nefas.
296 1359 350 1420 Est
360 1359 412 1420 ubi
427 1362 459 1421 in
475 1359 630 1440 disyllabis
644 1361 818 1422 admittatur
832 1361 953 1430 eadem;
969 1362 1067 1421 rarius

104 1443 198 1503 multo
214 1446 314 1503 evenit
334 1451 367 1504 ut
388 1443 589 1523 monosyllabo
610 1453 753 1523 sequente
774 1445 947 1525 plusquam
963 1461 1065 1504 mono·
1149 1502 1151 1506 ,

105 1526 217 1606 syllabo
231 1529 419 1588 contineatur
434 1531 524 1598 arsis,
546 1535 579 1588 ut
593 1535 663 1607 puta
679 1531 731 1589 sic·

213 1611 408 1672 calumniator
424 1611 462 1672 ab
477 1630 530 1672 ove
546 1629 614 1672 cum
628 1619 746 1691 peteret
760 1615 853 1675 canis.

211 1704 241 1755 et
254 1698 353 1774 rapiet
367 1696 403 1757 ad
419 1714 451 1756 se
466 1695 546 1775 quod
560 1699 618 1756 erit
633 1714 789 1757 commune
807 1699 951 1758 omnium.

105 1779 263 1841 Praeterea
284 1779 426 1841 notabilis
450 1780 509 1840 sed
522 1779 656 1857 legitima
682 1782 767 1842 venia
789 1787 872 1842 tutus
894 1779 1068 1860 appendicis

105 1881 211 1924 versus
228 1860 298 1943 [10,
317 1861 371 1944 10]
388 1864 455 1933 hic:
649 1943 652 1948 .

161 1974 165 1980 ·
185 2007 189 2014 ,
211 1966 271 2008 non
286 1954 320 2007 ut
332 1948 453 2009 labores
466 1951 559 2018 lario,
580 1951 636 2010 sed
647 1956 681 2010 ut
694 1952 786 2010 istum
802 1950 919 2022 domes;

212 2033 272 2092 nisi
288 2035 389 2111 potius
403 2031 570 2112 scribemus
585 2034 656 2094 ‘scd
670 2035 714 2094 uti
728 2037 837 2104 stum’.

106 2115 208 2185 Quinti
223 2115 309 2194 pedis
323 2119 405 2177 arsin
415 2134 475 2177 non
490 2117 560 2176 licet
575 2117 648 2177 solvi
664 2119 722 2176 nisi
737 2116 880 2177 vocabulo
895 2117 962 2196 plus
980 2135 1069 2196 quam

106 2198 260 2278 trisyllaba
280 2198 435 2261 claudente
456 2207 598 2269 metrum,
626 2219 642 2260 a
663 2217 721 2278 qua
741 2217 845 2260 norma
865 2203 914 2260 vix
935 2206 1004 2261 sunt
1025 2200 1069 2261 di·

106 2301 191 2344 versa
205 2283 280 2343 haec
297 2281 344 2363 [V,
362 2281 396 2354 7,
412 2279 464 2343 22.
486 2302 554 2362 app.
570 2281 605 2353 9,
621 2281 656 2363 6]

212 2366 333 2447 quidam
347 2371 378 2428 iu
394 2377 585 2447 conspectum
600 2368 791 2447 proditurum
806 2369 870 2429 sine
885 2386 978 2429 mora.

212 2452 369 2530 respondit
383 2453 448 2513 illa:
469 2453 612 2531 quicquid
627 2452 748 2513 dederis
763 2453 836 2513 satis
851 2454 918 2513 erit.

106 2536 195 2597 Arsin
215 2536 316 2596 diduci
335 2543 475 2611 mouente
497 2543 666 2612 anapaesto
685 2535 733 2596 vel
746 2538 902 2598 indracto
921 2554 981 2597 non
1001 2554 1070 2616 per·

107 2623 248 2680 mittitur.
297 2620 457 2700 Anapaesti
482 2620 581 2681 thesin
607 2619 749 2682 vocabulo
774 2624 872 2681 minus
897 2637 987 2695 qoem
1015 2623 1070 2681 tri·

106 2705 224 2782 syllabo
249 2707 397 2766 contineri
425 2705 579 2765 nonlicet
605 2711 726 2783 praeter
753 2707 885 2783 primum
906 2704 1014 2783 pedem
1041 2710 1072 2763 et
1129 2716 1135 2725 ‘

108 2788 266 2953 ἓίὁᾳιιῗὸῗο
292 2791 428 2868 quintum
454 2787 524 2868 ΠΗ,
549 2785 603 2859 10,
624 2786 655 2849 4.
702 2785 755 2856 14,
780 2785 830 2848 11.
871 2806 938 2866 app.
962 2784 1017 2856 19,
1039 2783 1070 2847 3.

170 2954 330 3018 Praeterea
350 2957 525 3018 observatur
545 2976 582 3018 ne
603 2975 744 3036 umquam
770 2974 824 3034 pes
850 2956 998 3017 secundus
1023 2954 1071 3016 vel

108 3041 215 3100 tertius
240 3043 303 3101 sive
329 3049 452 3119 quartus
472 3043 659 3102 contineatur
682 3039 824 3100 vocabulo
845 3042 876 3100 in
897 3040 1070 3119 spondeum,

109 3131 313 3202 anapaestum,
335 3125 483 3205 dactylum
503 3132 640 3185 exeunte.
677 3123 759 3184 Nulli
774 3125 869 3201 igitur
884 3141 988 3185 versus
1002 3130 1072 3184 sunt

109 3213 143 3268 ut
161 3214 233 3288 puta
252 3208 344 3269 tales:
825 3287 827 3292 .

213 3295 378 3367 recusavit,
395 3293 473 3373 quod
489 3291 606 3355 clausae
622 3299 708 3354 erant
722 3292 866 3354 stomachi
881 3294 957 3352 viae.
1030 3352 1033 3357 ,

214 3388 245 3438 et
257 3379 396 3457 protinus
410 3380 555 3455 auxilium
570 3386 676 3457 petens
690 3394 779 3437 anser
794 3376 894 3437 simul.

214 3461 282 3523 cibo
296 3461 473 3542 impleretur
487 3465 638 3524 servitium
653 3467 852 3539 negauerant.
891 3513 894 3520 .
