2362 3854
503 231 611 286 LIBER
631 231 680 288 IV.

152 378 209 451 Qui
223 381 322 440 iacere
337 396 413 458 quae
427 396 488 439 non
503 386 628 458 possunt
641 378 744 440 verbis
759 379 883 451 elevant,

110 463 291 528 Adscribere
305 463 361 524 hoo
376 461 529 524 debebunt
543 463 712 543 exemplum
727 462 795 525 sibi.

458 613 654 674 FABVLA
674 614 729 675 JV.

383 711 543 771 Evis
569 712 629 762 Er
654 712 794 766 APER.

152 799 254 878 Equus
269 796 375 858 sedare
390 797 493 857 solitus
509 813 566 875 quo
581 797 681 857 fuerat
694 799 786 867 sitim,

109 883 187 944 Dum
202 900 268 944 sese
283 899 356 960 aper
369 880 496 950 uolutat,
511 878 642 942 turbavit
655 880 771 944 vadum.

110 967 188 1030 Hinc
203 974 268 1027 orta
282 965 321 1025 lis
335 972 391 1025 est.
422 963 547 1043 Sonipes
562 965 657 1024 iratus
671 964 736 1025 fero

110 1050 260 1111 Auxilium
274 1049 361 1128 petiit
376 1047 522 1116 hominis,
538 1065 626 1126 quem
642 1048 730 1108 dorso
743 1048 845 1110 levans

110 1135 199 1196 Redit
213 1133 248 1193 ad
264 1133 389 1193 hostem.
419 1130 509 1192 Iactis
523 1131 602 1194 huno
616 1131 686 1192 telis
701 1149 792 1211 eques
913 1146 915 1153 ⁴

110 1218 269 1298 Postquam
282 1216 448 1284 interfecit,
465 1216 509 1276 sio
523 1214 641 1276 locutus
656 1215 799 1277 traditur:

109 1302 218 1363 Laetor
232 1299 336 1362 tulisse
352 1299 493 1360 auxilium
508 1317 555 1359 me
570 1298 711 1378 precibus
724 1302 801 1370 tuis:

109 1385 184 1447 Nam
199 1384 341 1464 praedam
355 1385 421 1462 cepi
437 1389 468 1443 et
482 1382 589 1453 didici,
605 1401 695 1462 quam
709 1384 750 1445 sis
765 1383 862 1456 utilis:

63 1535 66 1546 ,
110 1471 206 1549 Atque
222 1471 264 1528 ita
279 1469 378 1545 coegit
391 1468 492 1527 frenos
505 1468 631 1527 inritum
645 1469 717 1546 pati.

112 1552 194 1623 Tum,
202 1559 331 1613 maestus
345 1551 413 1611 ille:
444 1550 555 1610 Parvae
569 1549 731 1613 vindictam
745 1553 792 1611 rei

111 1635 188 1697 Dum
202 1652 314 1715 quaero
329 1634 466 1703 demens,
483 1635 658 1695 servitutem
672 1636 806 1714 repperi.

151 1720 231 1781 Haec
246 1717 406 1779 iracundos
421 1715 593 1778 admonebit
606 1717 721 1779 fabula:
841 1758 843 1764 -

109 1801 224 1884 inpune
238 1805 339 1883 potius
354 1801 433 1862 laedi
447 1819 537 1880 quam
553 1800 623 1862 dedi
638 1802 734 1863 alteri.

468 1951 660 2045 unsrun
679 1953 718 2014 v.

519 2049 668 2101 PourA.

151 2136 221 2197 Plus
236 2154 301 2198 esse
315 2138 347 2197 in
362 2153 421 2196 uno
437 2152 525 2212 saepe
540 2151 629 2213 quam
643 2135 676 2194 in
691 2133 780 2195 turba
795 2132 876 2204 honi,

109 2219 286 2281 Narratione
301 2220 429 2300 posteris
443 2217 559 2278 tradam
573 2215 667 2277 brevi.

153 2303 280 2374 Quidam
294 2302 442 2365 decedens
456 2309 518 2363 tres
533 2298 655 2380 reliquit
669 2301 759 2363 filiast

108 2389 203 2449 Vnam
215 2387 376 2448 formosam
391 2394 421 2446 et
435 2384 530 2447 oculis
543 2392 700 2446 renonum
713 2387 812 2457 viros3

109 2471 147 2533 At
161 2471 284 2532 alteram
298 2471 445 2533 lanificam
460 2476 489 2530 et
503 2470 599 2546 frugi,
615 2471 773 2539 rusticam

109 2554 249 2616 Devotam
264 2556 333 2616 vino
347 2555 468 2614 tertiam
484 2560 514 2613 et
527 2553 739 2631 turpissimam.

109 2638 222 2700 Harum
237 2645 336 2699 autem
349 2645 475 2719 matrem
488 2637 562 2698 fecit
575 2636 717 2697 heredem
734 2655 826 2700 senex

109 2720 171 2783 Sub
187 2721 379 2791 condicione,
393 2728 485 2782 totam
498 2727 532 2781 ut
545 2722 693 2782 fortunam
707 2719 806 2782 tribus

109 2805 280 2884 Aequaliter
295 2804 468 2874 distribuat,
485 2804 538 2865 sed
552 2804 605 2866 tali
619 2804 723 2865 modo:
756 2815 758 2819 ’

107 2889 152 2950 Ne
168 2889 235 2950 data
249 2889 421 2969 possideant
435 2895 486 2948 aut
498 2889 652 2959 fruentum
669 2897 746 2957 tum,
762 2887 850 2950 simul
860 2910 875 2952 ‚·

108 2971 227 3034 Habere
241 2990 291 3034 res
306 2972 465 3040 desierint,
482 2989 556 3050 quas
569 2972 749 3050 acceperint,

107 3056 240 3118 Centena
253 3059 343 3117 matri
358 3056 512 3116 conserant
527 3057 674 3115 sestertia.
766 3068 769 3075 ·

107 3140 239 3200 Athenas
253 3136 355 3200 rumor
369 3138 474 3217 inplet.
504 3138 597 3198 Mater
612 3138 715 3199 sedula

107 3221 186 3284 luris
200 3225 314 3302 peritos
330 3222 472 3293 consulit;
487 3240 574 3283 nemo
590 3222 720 3302 expedit,

107 3305 171 3376 Quo
187 3313 273 3386 pacto
287 3324 347 3367 non
361 3307 549 3385 possideant,
565 3306 643 3387 quod
658 3308 750 3368 fuerit
765 3306 875 3378 datum,

107 3389 288 3452 Fructumve
304 3391 436 3468 capiant;
452 3390 560 3450 deinde
574 3408 650 3470 quae
665 3391 789 3457 tulerint
803 3391 891 3461 nihil,

106 3471 239 3543 Quanam
253 3476 370 3536 ratione
386 3474 542 3535 conferant
556 3477 729 3554 pecuniam.

156 3586 312 3630 ramosus.
870 3569 902 3629 ἲ)
