2362 3854
183 206 223 271 14
457 209 618 279 caluom
638 210 861 265 FABVLARVM

540 358 731 418 FABVLA
752 359 777 418 I.

312 455 544 518 IVVENGVS,
561 457 644 509 LEO
659 456 715 508 Eu
732 456 1002 509 PRAEDATOB.

223 541 319 620 Super
333 543 492 602 iuvencum
506 540 608 602 stabat
618 542 765 603 deiectum
780 543 836 603 leo.

179 625 341 686 Praedator
355 626 518 685 intervenit
531 633 646 704 partem
661 627 824 704 postulans.
902 638 905 644 ·

180 708 303 778 Darem,
319 711 432 788 inquit,
449 711 508 768 nisi
523 709 636 769 soleres
650 727 706 788 per
721 718 749 769 te
764 726 899 769 sumeret

180 792 218 853 Et
232 791 393 871 inprobum
406 795 522 853 reiecit.
551 793 641 853 Forte
656 794 795 853 innoxius

180 877 281 936 Viator
296 884 342 937 est
357 876 501 936 deductus
516 878 548 936 iu
564 876 690 937 eundem
704 876 803 938 locum

180 959 317 1039 Feroque
331 962 395 1020 riso
409 960 513 1020 retulit
527 967 609 1020 retro
623 957 740 1040 pedem.

181 1043 235 1103 Cui
249 1043 382 1122 placidus
397 1043 461 1102 ille:
492 1042 557 1103 Non
572 1052 618 1104 est
633 1043 712 1124 quod
727 1046 847 1113 timeaS,
864 1044 921 1114 ait;

181 1126 231 1195 Et,
248 1145 322 1206 quac
338 1126 463 1187 debetur
477 1145 547 1205 pars
560 1135 629 1188 tuae
643 1127 825 1197 modestiae,

182 1210 327 1284 Audacter
341 1210 422 1270 tolle.
452 1210 536 1270 'l'uuc
551 1210 646 1271 diviso
661 1218 781 1287 tergore

181 1293 275 1354 Silvas
289 1295 407 1372 petivit,
423 1294 538 1368 homiui
552 1301 585 1354 ut
600 1311 752 1354 accessum
766 1294 861 1354 daret.
1108 1302 1144 1354 ιο

222 1376 397 1456 Exemplum
412 1380 565 1454 egregium
579 1395 701 1456 prorsus
716 1385 747 1437 et
760 1376 926 1449 laudabilc;

181 1460 289 1521 Verum
304 1468 350 1520 est
364 1461 486 1521 aviditas
501 1461 583 1521 dives
599 1467 629 1521 et
643 1479 757 1540 pauper
771 1462 876 1540 pudor.

468 1647 473 1659 .
628 1613 656 1670 V
779 1656 791 1672 ,.

213 1709 328 1760 Artvs
344 1613 556 1761 mmmm}
562 1612 781 1772 &13AE
799 1711 907 1760 ITEM
923 1708 1107 1763 PVELLA.

222 1796 246 1854 A
260 1795 380 1854 leminis
395 1802 554 1875 utcumque
570 1794 691 1874 spoliari
706 1797 796 1864 viros

180 1877 300 1946 Ament,
317 1885 466 1948 amentur,
482 1896 590 1957 nempe
605 1877 751 1956 exemplis
767 1878 919 1949 discimus,

222 1961 335 2021 Aetatis
349 1961 627 2040 mediae‘quomlam
642 1963 751 2022 mulier
765 1979 824 2022 nou
841 1962 924 2022 rudis

179 2042 316 2105 Tenebat
329 2062 421 2105 annos
436 2044 535 2105 celans
550 2047 707 2122 elegantia,

179 2130 359 2208 Animosque
376 2129 509 2190 ciusdem
523 2128 646 2208 pulchra
661 2131 778 2191 iuvenis
793 2136 934 2209 ceperat·
1123 2138 1143 2191 5

179 2213 304 2282 Ambae,
321 2212 415 2273 videri
431 2213 501 2274 dum
516 2212 618 2274 volunt
631 2213 675 2274 illi
689 2231 787 2293 pares,

180 2296 307 2375 Capillos
322 2296 437 2356 homiui
451 2296 550 2373 legere
566 2315 693 2376 coepere
707 2299 845 2358 invicem.

178 2377 235 2449 Qui
251 2398 283 2441 se
298 2387 418 2460 putaret
431 2381 503 2457 tingi
518 2397 589 2441 cura
604 2380 773 2451 mulierum,
791 2400 793 2406 ·
849 2427 853 2436 .

179 2463 284 2524 Calvus
298 2471 421 2542 repente
436 2464 533 2525 factus
548 2471 609 2534 est;
624 2483 694 2525 uam
707 2465 842 2525 funditus

179 2547 271 2609 Canos
287 2547 399 2626 puella,
416 2549 517 2625 nigros
532 2566 607 2608 anus
622 2549 771 2608 evellerat.

521 2700 713 2759 FABVLA
734 2699 789 2758 III.

258 2795 449 2848 Amsorvs
465 2797 525 2848 AD
542 2796 755 2854 QVEN'DAM
770 2797 828 2848 Dm
845 2797 1056 2850 SVGOESSV

510 2864 803 2916 INPROBORVM.

218 2948 380 3009 Laceratus
395 2949 515 3027 quidam
530 2967 632 3010 morsu
646 2950 832 3010 vehementis
847 2952 928 3012 cauis

79 3106 82 3111 .
177 3032 318 3093 Tinctum
331 3050 439 3092 cruore
453 3052 561 3111 panem
574 3034 656 3094 misit
670 3034 814 3103 malofico,

177 3116 320 3176 Audierat
335 3134 400 3176 esse
416 3117 494 3194 quod
508 3118 672 3177 remedium
687 3117 829 3184 vulneris.

176 3199 260 3259 Tunc
275 3201 319 3258 sic
333 3200 481 3277 Aesopus:
504 3200 571 3261 Noli
586 3217 686 3261 coram
700 3199 838 3279 pluribus

176 3284 239 3345 Hoc
254 3284 352 3344 lacere
368 3281 505 3352 canibus,
521 3301 559 3343 ue
574 3302 627 3344 uos
642 3285 725 3344 viros
740 3283 890 3354 devorent,

176 3367 251 3429 Cum
265 3369 391 3428 scierint
404 3384 470 3427 esse
486 3367 544 3426 tale
561 3367 664 3446 culpae
679 3369 854 3445 praemium.

210 3450 378 3513 Successus
391 3450 589 3532 inproborum
604 3451 704 3534 plures
719 3451 831 3515 adlicit.
