2362 3854
445 223 594 280 LIBERI.
616 224 651 280 Π.

390 406 583 467 FABVLA
604 405 711 466 XXXI.

304 504 468 556 mvvs
484 504 540 556 ET
559 502 799 557 commum.

113 607 169 678 Qui
183 625 215 669 se
230 609 389 668 committit
402 607 517 669 homini
531 607 686 668 tutandum
700 603 836 687 inprobo,

69 692 189 754 Auxilia
204 691 275 752 dum
289 692 431 771 requirit,
448 692 572 752 exitium
586 693 708 752 invenit.

113 774 274 837 Columbae
288 793 377 854 saepe
392 793 460 836 curn
473 776 619 853 fugissent
632 774 758 839 miluum

68 858 109 919 Et
123 858 274 919 celeritate
289 876 404 938 pennae
418 861 561 920 vitassent
575 877 689 928 necem,

69 942 234 1004 Consilium
249 950 351 1021 raptor
365 945 454 1003 vertit
469 943 506 1004 ad
519 943 667 1005 fallaciam

69 1025 109 1086 Et
123 1043 217 1104 genus
231 1028 345 1087 inerme
360 1025 413 1087 tali
428 1026 546 1104 decepit
560 1027 640 1087 dolo:

68 1107 168 1179 Quare
184 1109 344 1171 sollicitum
357 1112 457 1189 potius
472 1128 576 1171 aevum
591 1110 706 1181 ducitis,

69 1191 164 1263 Quam
178 1211 280 1272 regem
294 1211 341 1254 me
355 1195 465 1254 creatis
479 1195 539 1253 icto
553 1194 683 1263 foedere,

68 1275 128 1347 Qui
142 1295 194 1338 vos
208 1276 246 1339 ab
261 1279 343 1338 omni
358 1285 436 1338 tutas
450 1284 599 1357 praestem
613 1276 742 1341 iniuria?

69 1361 140 1422 lllae
155 1360 311 1421 credentes
325 1361 447 1422 tradunt
460 1379 526 1422 sese
541 1362 649 1431 miluo;

68 1443 127 1513 Qui
141 1461 267 1521 regnum
281 1444 405 1522 adeptus
420 1446 520 1524 coepit
532 1446 613 1506 vesci
625 1445 758 1522 singulas

69 1526 108 1586 Et
123 1544 263 1588 exercere
278 1529 429 1605 inperium
443 1531 539 1589 saevis
554 1528 712 1604 unguibus.

68 1609 154 1670 Tunc
170 1611 207 1670 de
221 1609 344 1670 relicuis
358 1629 431 1672 una:
461 1610 566 1672 Merito
582 1611 751 1690 plectimur.

333 2044 479 2106 L1BER
506 2045 764 2107 SECVNDVS.

459 2192 639 2246 AvcuoR„

70 2293 221 2374 Exemplis
237 2296 407 2355 continetur
421 2294 529 2373 Aesopi
544 2311 654 2372 genum

71 2378 134 2440 Nec
149 2378 230 2439 aliud
242 2380 401 2458 quicquam
416 2395 472 2456 per
485 2377 608 2440 labellos
624 2381 785 2459 quaeritur,

69 2461 165 2532 Quam
180 2464 348 2540 corrigatur
362 2480 448 2522 error
462 2469 495 2523 ut
509 2463 678 2524 mortalium

71 2547 223 2624 Acuatque
238 2563 303 2606 sese
319 2545 445 2623 diligens
460 2546 618 2607 industria.

70 2628 256 2707 Quicumque
271 2630 363 2690 luerit
377 2646 448 2706 ergo
463 2630 605 2690 narrandi
619 2632 711 2701 iocus,

70 2712 148 2772 llum
162 2714 259 2790 capiat
274 2731 375 2773 aurem
390 2721 421 2773 et
434 2720 532 2773 servet
545 2716 732 2797 propositum
747 2731 843 2785 suum,

71 2794 115 2855 lle
130 2796 366 2865 commendatur,
382 2813 441 2856 non
456 2798 585 2857 auctoris
599 2799 730 2858 nomine.

71 2878 218 2957 Equidem
233 2882 314 2939 omni
329 2896 400 2939 cura
414 2897 528 2940 morem
543 2878 668 2940 servabo
683 2882 779 2950 senis;

73 2961 132 3021 Sed
147 2963 173 3022 si
188 2961 311 3022 libuerit
325 2962 436 3041 aliquid
451 2964 652 3041 interponere,

71 3044 227 3105 Dictorum
241 3063 346 3106 sensus
361 3053 394 3106 ut
408 3045 536 3106 delectet
550 3048 685 3115 varietas,

72 3127 170 3188 Bonas
185 3130 217 3187 in
232 3137 345 3207 partes,
361 3129 466 3200 lector,
487 3130 616 3209 accipias
630 3130 726 3199 velim,

73 3211 133 3279 lta,
149 3212 177 3271 si
191 3213 335 3289 rependet
348 3213 429 3273 illam
443 3212 573 3274 brevitas
587 3216 722 3290 gratiam.

73 3294 165 3355 Cuius
180 3294 304 3356 verbosa
318 3313 356 3355 ne
371 3297 411 3356 sit
424 3297 649 3367 commendatio,

74 3377 215 3447 Attende,
232 3396 286 3438 cur
300 3395 408 3454 negare
424 3382 540 3460 cupidis
554 3379 672 3453 debeas,

77 3460 217 3525 Modestis
232 3464 321 3524 etiam
335 3462 457 3535 ollerre,
472 3465 551 3544 quod
565 3482 625 3525 uon
642 3467 798 3546 petierint.
