2362 3854
131 979 216 1032 Mart.
233 981 329 1045 Epigr.
348 979 404 1038 ΙΙΙ,
423 981 467 1040 20,
488 980 517 1030 δε

198 1049 241 1098 An
258 1047 413 1098 aemulatur
430 1047 538 1111 inprobi
556 1048 632 1098 iocos
650 1044 789 1096 Phaedri?

130 1182 254 1234 Avienus
272 1179 391 1245 epistula
412 1180 448 1242 ad
465 1180 659 1230 Theodosium:

198 1250 300 1299 Verum
317 1247 367 1296 hus
385 1263 433 1311 pro
452 1247 575 1312 exemplo
593 1247 705 1299 fabulas
722 1252 751 1298 et
762 1245 894 1299 Socrates
910 1248 1012 1298 divinis
1024 1264 1090 1313 ope·

197 1317 274 1366 ribus
296 1314 397 1365 indidit
423 1318 452 1364 et
473 1315 609 1379 poematis
636 1317 695 1365 suis
719 1315 840 1366 Flaccus
866 1319 989 1381 aptavit,
1018 1315 1090 1380 quod

198 1384 228 1433 in
249 1398 280 1433 se
303 1382 352 1432 sub
371 1383 495 1432 iocorum
518 1384 698 1433 communium
717 1384 812 1447 speeie
832 1384 909 1434 vitae
928 1387 1091 1449 argumenta

200 1452 370 1499 contineant.
393 1463 463 1512 quaa
475 1447 589 1499 Graecia
607 1449 708 1500 iambis
714 1450 838 1500 *Babrius
856 1455 984 1515 repetens
996 1451 1025 1499 in
1038 1449 1090 1503 duo

197 1516 338 1568 volumina
367 1517 514 1568 coartavit.
553 1517 696 1567 Phaedrus
725 1518 810 1568 etiam
835 1524 943 1582 partem
970 1517 1090 1581 aliquam

198 1584 317 1650 quinque
335 1583 365 1632 in
382 1582 493 1634 libellos
510 1583 633 1634 resolvit.

130 1717 370 1849 Idemhiirirriaiere
386 1759 511 1846 ardores,
531 1785 607 1836 feras
625 1800 686 1834 eum
702 1784 858 1834 hominibus
876 1800 986 1849 gernere
1004 1789 1058 1837 ete.

196 1851 330 1916 Respexit
348 1851 415 1901 adl
438 1850 506 1915 prol.
525 1853 550 1903 6.
565 1884 567 1887 -

130 1985 297 2037 Prudeutius
315 1983 395 2036 Gath.
414 1985 479 2044 VII,
499 1960 561 2035 1'15:

76 2063 77 2068 ’
126 2056 127 2059 ’
198 2052 264 2103 Alvi
280 2053 393 2116 eapneis
410 2055 490 2103 vivus
508 2053 631 2102 hauritur
652 2068 746 2118 specu.

197 2120 332 2187 Respexit
349 2120 384 2169 ad
401 2119 448 2183 IV,
468 2121 496 2182 6,
517 2122 557 2171 10.

131 2253 242 2305 Titulus
255 2255 302 2319 qui
312 2253 416 2316 legitur
428 2253 501 2319 apud
514 2253 661 2305 Gruterum
678 2269 723 2320 pg.
735 2255 793 2317 898,
809 2257 856 2318 16,
873 2269 955 2305 versu
973 2253 1090 2318 quodam

199 2321 320 2371 Phaedri
332 2317 402 2388 [ΠΙ,
416 2323 458 2384 17,
472 2317 517 2386 12]
532 2322 644 2372 celeber
660 2322 719 2384 ille,
739 2320 820 2372 valde
839 2328 983 2387 suspectus
1002 2319 1090 2388 [conl.

198 2387 333 2439 Ritsuhel.
352 2387 461 2439 Anthol.
479 2388 543 2439 Lat.
562 2388 663 2441 Coroll.
683 2403 729 2454 pg.
748 2383 805 2454 13].
