2362 3854
84 207 126 274 58
366 212 528 267 PHAEDRI
546 187 770 268 rmvnnnvu

85 361 246 433 Quaestum
261 360 395 431 deferre,
412 361 509 421 stabat
521 367 625 439 portae
640 362 674 420 in
687 359 802 422 limine.

85 445 172 507 Illum
186 445 304 525 puellae
319 463 390 505 casu
404 445 574 504 conducunt
588 462 668 513 suae,

67 584 70 594 ,
85 529 156 590 Viae
171 528 290 590 labores
304 536 424 589 teneros
439 546 477 589 ue
492 527 611 589 laedant
624 527 726 606 podes.

85 612 219 692 Repente
234 613 363 682 caelum,
378 612 503 672 Veneris
518 611 733 681 misericordia,

85 698 189 757 Ventis
203 703 352 766 movetur,
368 698 484 756 intonat
498 695 601 756 mundi
616 696 716 773 fragor

85 779 267 858 Noctemque
283 780 384 840 densis
398 779 551 839 horridam
564 778 676 839 nimbis
689 785 790 856 parata

58 929 61 935 ,
85 865 150 925 Lux
164 866 280 943 rapitur
294 862 386 923 oculis
402 870 432 923 et
446 863 536 923 simul
550 864 595 922 vis
609 862 764 939 grandinis

52 951 55 955 ’
78 947 184 1009 Effusa
199 947 332 1027 trepidos
346 949 459 1027 passim
473 948 596 1006 comites
611 946 746 1024 dissipat,

87 1030 152 1091 Sibi
167 1048 315 1110 quemque
330 1048 438 1108 cogens
452 1039 556 1109 petere
570 1029 752 1108 praesidium
768 1029 848 1107 suga.

85 1113 200 1175 Asellus
214 1121 318 1175 notum
332 1117 499 1194 proximum
514 1120 626 1174 tectum
640 1112 722 1175 subit

86 1199 124 1258 Et
137 1215 209 1258 voce
224 1215 331 1274 magna
346 1216 411 1258 sese
425 1200 543 1258 venisse
558 1198 680 1258 indicat.

56 1307 58 1311 ·
85 1282 271 1342 Procurrunt
285 1283 387 1360 pueri,
403 1281 557 1360 pulchram
573 1282 723 1359 aspiciunt
739 1282 884 1358 virginem

86 1365 125 1425 Et
138 1363 335 1424 admirantur:
358 1364 465 1424 deinde
481 1364 600 1424 domino
614 1366 762 1424 nuntiant.

86 1448 169 1508 lnter
183 1448 298 1509 sodales
313 1447 363 1507 ille
378 1466 488 1526 paucos
504 1446 651 1509 accubans

86 1533 225 1593 Amorem
239 1530 356 1592 crebris
371 1531 512 1592 avocabat
525 1531 651 1610 poculis.
749 1602 751 1607 ,

85 1615 142 1676 Vbi
157 1617 324 1677 nuntiatum
340 1622 401 1684 est,
418 1623 570 1690 recreatus
584 1615 701 1693 gaudiis

87 1699 231 1760 Hortante
246 1698 363 1760 liaccho
379 1706 409 1759 et
422 1698 552 1769 Venere,
569 1699 671 1760 dulces
686 1687 804 1778 perlicit

86 1781 282 1862 Aequalitatis
296 1784 375 1843 inter
389 1783 511 1862 plausus
525 1785 655 1863 nuptias.

86 1867 239 1937 Quaerunt
253 1874 392 1945 parentes
406 1884 461 1945 per
474 1884 653 1945 praeconem
667 1864 775 1934 filiam:

20 1951 22 1954 ’
87 1949 187 2010 Novus
201 1951 326 2009 maritus
339 1951 465 2026 coniuge
479 1951 589 2010 amissa
604 1949 694 2009 dolet.

86 2032 167 2102 Quid>
179 2038 258 2092 esset
272 2042 370 2092 actum
384 2039 540 2112 postquam
553 2032 663 2111 populo
678 2034 817 2103 innotuit,

87 2115 198 2177 Omnes
211 2116 343 2177 savorem
358 2115 581 2195 comprobarunt
596 2116 745 2178 caelitum.

427 2268 618 2328 FABVLA
639 2267 705 2327 XV.

336 2363 526 2415 Aneonvs
542 2364 598 2420 1¹]OE
614 2364 797 2416 nomm

297 2442 387 2509 Quam
402 2444 504 2499 noceat
520 2461 605 2514 saepe
621 2461 720 2500 verum
736 2444 838 2500 dicero.

129 2531 263 2609 Aesopus
277 2534 359 2611 turpi
374 2550 443 2592 oum
457 2535 583 2594 serviret
596 2533 736 2603 feminac,

86 2613 167 2685 Quae
182 2633 215 2675 se
230 2615 416 2695 expingendo
429 2623 524 2676 totum
538 2618 695 2677 intricaret
709 2616 798 2685 diem,

86 2699 219 2768 Vestem,
235 2701 375 2769 uniones,
392 2717 511 2770 aurum,
533 2706 688 2776 argentum
703 2704 843 2770 sumeret,

86 2781 149 2842 Nec
163 2783 314 2843 inveniret
328 2783 421 2860 digito·
436 2785 488 2862 qui
503 2800 535 2842 se
549 2789 701 2860 tangeret:

86 2864 208 2926 Licetne
222 2868 341 2944 paucis,
357 2867 472 2946 inquit‘l
500 2865 597 2928 Dicas.
627 2865 751 2936 Censeo,

85 2946 209 3017 Quidvis
222 2950 350 3019 efficies,
366 2950 477 3012 cultum
492 2952 518 3011 si
533 2950 716 3029 deposueris.

86 3031 205 3092 Adeone
219 3033 322 3093 videor
336 3033 393 3095 tibi
406 3052 461 3115 per
475 3053 523 3095 me
536 3034 727 3096 meliuscula?

86 3115 193 3184 Immo,
210 3117 242 3175 ni
259 3116 393 3186 dederis,
409 3118 522 3197 sponda
537 3117 666 3179 cassabit
682 3126 743 3178 tua.

86 3198 124 3258 dt
138 3216 198 3258 non
213 3199 372 3259 cessabunt
385 3200 492 3271 latera,
508 3201 678 3280 respondit,
694 3208 754 3271 tua,

86 3282 125 3342 Et
138 3281 291 3359 obiurgari
305 3284 393 3344 iussit
407 3301 527 3345 servum
540 3284 704 3361 garrulum.

86 3364 157 3425 Post
170 3365 269 3444 paullo
284 3366 429 3427 armillam
444 3367 522 3428 tollit
535 3368 585 3428 sur
599 3375 782 3445 argenteam.

87 3446 181 3516 Quam
195 3467 255 3510 non
269 3468 413 3530 apparere
429 3460 474 3514 est
488 3459 522 3513 ut
536 3452 649 3513 dictum
663 3451 795 3522 mulieri,
821 3500 823 3504 .
