2362 3854
196 925 260 1000 nu
286 925 501 1000 enanniu
525 925 641 1000 vura
666 926 727 1060 up
754 925 971 1005 suenus.
1050 872 1056 883 ⁵

166 1129 189 1190 l.
224 1129 378 1191 Phaedrus
397 1130 523 1208 Augusti
549 1129 676 1192 libertus
694 1164 739 1178 -
757 1149 817 1192 non
844 1135 917 1194 satis
944 1138 1069 1202 constat,

104 1216 169 1276 eius
189 1216 241 1294 qui
263 1216 379 1293 primus
401 1214 457 1274 hoc
483 1232 593 1275 nomen
619 1218 735 1296 accepit
755 1233 793 1276 an
814 1217 997 1277 successoris
1018 1215 1068 1277 Ti·
1133 1253 1137 1260 -

105 1298 183 1359 berii
198 1331 241 1341 -
254 1305 342 1359 natus
363 1305 423 1368 est,
446 1296 605 1359 incertum
616 1316 674 1378 quo
690 1317 782 1369 anno,
804 1301 837 1360 in
853 1306 952 1361 monte
967 1299 1068 1361 Pierio

60 1433 63 1436 .
104 1382 186 1462 apud
208 1381 393 1443 Macedonas.
443 1382 526 1443 Idem
554 1390 658 1444 tenera
686 1402 703 1443 a
746 1400 783 1443 uc
809 1390 905 1444 aetate
930 1385 964 1444 in
989 1387 1068 1445 occi·

103 1467 224 1527 dentem
238 1466 356 1526 videtur
371 1482 436 1527 esse
453 1467 581 1536 deletus,
600 1472 633 1526 ut
651 1383 783 1547 quidbse
800 1474 927 1538 asserat,
937 1484 1068 1543 puerum

103 1568 135 1612 se
162 1551 272 1628 legisse
302 1552 335 1610 in
357 1550 456 1610 schola
481 1549 559 1610 Enni
588 1551 737 1629 quendam
762 1569 897 1622 versum,
925 1554 988 1612 sive
1011 1551 1068 1611 Ro·

105 1653 170 1695 mae
196 1634 228 1694 id
255 1634 314 1694 luit
340 1636 401 1694 sive
429 1636 528 1712 potius
555 1633 637 1694 alibi.
682 1634 793 1694 Romae
820 1637 900 1694 enim
927 1633 1005 1695 haud
1027 1637 1068 1695 ita

103 1718 229 1779 multum
249 1725 317 1796 post
331 1717 507 1795 Vergilii'et
523 1717 640 1778 Horatii
662 1717 761 1778 obitus
779 1717 927 1780 sublatam
949 1721 1069 1779 omnino

104 1821 120 1863 e
136 1803 216 1862 ludis
231 1804 421 1882 antiquorum
435 1803 610 1863 memoriam
625 1803 768 1862 docemur
783 1804 827 1863 eis
841 1821 916 1881 quaa
933 1803 969 1863 de
984 1803 1068 1862 Vale·

104 1889 150 1947 rio
174 1885 289 1956 Probo,
315 1884 445 1947 Phaedri
472 1886 603 1965 aequali,
637 1887 729 1946 tradit
756 1885 916 1947 Suetonius
942 1885 1000 1966 [de
1027 1886 1068 1946 ill.

103 1988 227 2048 gramm.
242 1966 310 2048 24].
355 1969 493 2030 Ceterum
514 1969 568 2030 ubi
588 1972 620 2030 in
634 1970 778 2030 familiam
800 1971 959 2032 Caesarum
973 1978 1068 2030 traus-

102 2056 154 2122 iit,
182 2060 213 2112 et
239 2052 407 2113 liberalium
434 2055 543 2113 artium
569 2053 668 2113 studio
695 2062 725 2113 et
750 2054 926 2114 dexteritate
954 2072 1069 2114 morum

104 2138 203 2198 effecit
218 2144 251 2197 ut
265 2135 404 2207 libertate
422 2136 593 2197 donaretur.

168 2221 231 2282 lam
251 2226 396 2297 regnante
413 2219 537 2280 Tiberio
557 2237 625 2280 cum
646 2218 718 2280 blna
737 2220 907 2280 fabularum
921 2221 1069 2281 volumina

104 2307 266 2375 emisisset,
288 2303 388 2365 Seiani
409 2304 514 2364 fraude
537 2310 582 2364 est
603 2305 832 2365 circumventus.
877 2304 970 2365 Erant
989 2307 1069 2364 enim

103 2392 135 2450 in
161 2392 206 2450 eis
225 2406 301 2469 quae
322 2407 339 2448 a
361 2389 481 2449 civitate
503 2389 652 2448 serviente
674 2396 705 2448 et
726 2395 833 2448 cuncta
847 2388 1007 2466 malignius
1022 2390 1069 2449 in·

102 2479 289 2552 terpretante
309 2472 389 2532 haud
409 2472 596 2532 incommode
619 2479 741 2550 possent
761 2471 840 2532 ilecti
862 2474 894 2533 in
910 2472 964 2533 hos
978 2474 1068 2552 ipsos,

102 2566 136 2618 ut
156 2564 227 2636 putu
249 2575 326 2637 quae
348 2556 385 2616 de
406 2558 490 2616 ranis
510 2572 613 2633 regem
633 2555 806 2634 petentibus
829 2556 875 2616 vel
897 2556 933 2616 de
948 2557 1069 2633 graculo

103 2640 298 2721 superbiente
319 2646 508 2719 prompserat
522 2642 665 2720 scriptor,
686 2658 725 2700 ne
742 2640 800 2701 alia
814 2640 972 2719 pleraque,
994 2659 1069 2718 quae

104 2727 250 2804 pravitate
280 2726 482 2784 conscientiae
512 2731 563 2784 aut
591 2723 763 2802 suspicandi
792 2726 961 2784 temeritate
991 2724 1070 2784 trahi

101 2816 228 2888 potuere
242 2810 274 2869 in
290 2810 421 2877 crimen,
437 2825 517 2868 nunc
531 2816 696 2884 tangamus.
741 2806 825 2876 Quod
840 2825 907 2868 cum
923 2809 964 2867 113
979 2813 1069 2877 esset,

103 2912 119 2953 a
141 2893 250 2953 Seiano
276 2893 322 2952 vel
352 2891 513 2952 clientibus
533 2893 630 2970 ipsius
651 2893 816 2951 maiestatis
843 2899 888 2952 est
915 2898 1071 2952 accusatus

102 2977 317 3054 damnatusque
338 2976 417 3036 haud
438 2975 543 3045 dubie,
572 2977 628 3035 etsi
656 2975 692 3035 de
713 2993 807 3052 poena
834 2977 899 3035 eius
918 2993 977 3035 non
998 2977 1071 3036 satis

102 3065 229 3121 constet.
274 3058 378 3139 Neque
401 3078 473 3120 vero
493 3060 653 3119 interiecto
670 3058 777 3120 Seiano
792 3060 982 3119 inimicorum
1002 3059 1071 3118 odio

102 3151 133 3204 et
153 3145 350 3204 insectatione
372 3145 469 3204 caruit
489 3144 585 3212 idem,
607 3142 716 3221 quibus
734 3142 898 3209 obnoxium
914 3160 945 3204 se
960 3142 1070 3203 identi-

102 3228 170 3288 dem
191 3228 303 3288 satetur
323 3227 402 3288 libro
416 3229 517 3288 tertio.
555 3227 641 3286 Himc
657 3244 723 3287 cum
737 3226 876 3286 leniendo
891 3226 985 3286 dolori
1000 3244 1071 3287 con·

82 3313 269 3390 posuisset,
292 3311 426 3390 Eutycho
450 3311 567 3370 cuidam
589 3312 744 3388 inscripsit
764 3309 873 3370 liberto
888 3310 919 3371 C.
936 3310 1079 3370 Caesaris
1128 3355 1129 3358 ,

101 3395 150 3456 vel
172 3395 287 3458 Claudii
308 3413 397 3474 quem
425 3395 513 3455 simul
533 3401 568 3454 ut
587 3412 621 3455 se
639 3393 861 3454 sidoloucus
874 3388 1036 3465 pedxcxms
1045 3387 1104 3433 'm-
