2362 3854
122 194 165 260 20
400 198 563 254 PHAEDRI
582 198 806 255 FABVLARVM

122 350 264 409 Adfectus
280 348 417 426 proprios
431 349 464 407 in
478 347 600 408 fabellas
615 348 767 409 transtulit

124 432 365 510 Calumniamque
380 431 460 491 fictis
474 431 564 491 elusit
576 433 661 492 iocis.

122 516 185 592 Ego
199 532 290 594 porro
305 515 386 575 illius
401 516 507 576 semita
520 515 580 575 leci
594 517 681 586 viam,

123 599 161 660 Et
175 601 302 676 cogitavi
316 598 401 678 plura
416 616 504 677 quam
519 599 689 678 reliquerat,

123 683 157 743 ln
173 683 369 744 calamitatem
383 683 516 760 deligens
531 683 676 761 quaedam
691 700 796 744 meam.

70 783 73 788 ·
123 765 206 837 Quod
222 769 248 827 si
263 773 418 828 accusator
433 766 509 826 alius
524 766 631 826 Seiano
646 767 733 836 soret,

124 851 156 911 Si
170 853 257 911 testis
272 851 362 919 alius,
377 850 467 910 iudex
483 850 557 910 alius
573 850 711 929 denique,

123 935 250 1012 Dignum
266 934 378 994 faterer
393 952 458 994 esse
473 951 521 995 me
536 936 628 994 tantis
642 934 736 1010 malis,
783 966 790 981 ·

124 1018 185 1079 Nec
200 1018 247 1078 his
262 1018 393 1078 dolorem
402 1017 566 1078 delenirem
580 1018 732 1079 remediis.

124 1102 291 1181 Suspitione
307 1104 401 1181 siquis
416 1102 531 1162 errabit
545 1120 597 1162 sua

123 1187 161 1247 Et
175 1187 273 1264 rapiet
288 1185 324 1245 ad
339 1203 385 1254 se,
402 1186 480 1264 quod
496 1188 555 1246 erit
569 1203 725 1246 commune
741 1189 882 1257 omniurn,

124 1269 218 1330 Stulte
233 1268 359 1329 nudabit
373 1271 464 1329 animi
479 1270 698 1329 conscientiam.

123 1353 200 1413 Huic
215 1360 386 1413 excusatum
401 1371 448 1412 me
463 1353 550 1412 velim
566 1352 659 1412 nihilo
674 1355 787 1414 minus:

123 1436 227 1515 Neque
243 1439 322 1496 enim
337 1444 442 1498 notare
458 1437 590 1514 singulos
604 1454 689 1496 mens
704 1444 750 1497 est
764 1437 849 1508 mihi,

122 1521 233 1582 Verum
246 1523 341 1600 ipsam
356 1522 447 1580 vitam
462 1527 492 1580 et
506 1538 605 1581 mores
619 1520 773 1582 bominum
788 1523 959 1585 ostendere.

165 1605 239 1664 Rem
253 1622 301 1664 me
316 1605 483 1683 professum
500 1605 579 1665 dicet
593 1605 656 1665 sors
670 1605 778 1685 aliquis
792 1622 923 1683 gravem.

124 1689 156 1750 Si
170 1689 270 1767 Phryx
284 1690 416 1767 Aesopus
430 1690 541 1767 potuit,
560 1691 585 1748 si
600 1689 777 1749 Anacharsis
793 1689 901 1768 Scytha

123 1775 280 1833 Aeternam
296 1773 403 1833 samam
418 1773 546 1833 condere
561 1774 683 1848 ingenio
698 1791 767 1832 suo:

123 1857 200 1934 Ego,
216 1855 364 1916 litteratae
379 1858 430 1935 qui
448 1873 512 1916 sum
527 1858 649 1934 propior
664 1855 815 1926 Graeciae,

13 1952 17 1970 ¹
124 1940 184 2001 Cur
199 1957 301 1999 somno
317 1941 410 1999 inerti
425 1939 561 1999 deseram
575 1941 689 2018 patriae
705 1939 813 2000 decus?

124 2023 264 2083 Threissa
279 2040 347 2082 cum
360 2040 434 2100 gens
448 2030 586 2083 numeret
600 2031 736 2083 auctores
751 2041 829 2094 suos,

123 2108 257 2187 Linoque
273 2106 375 2184 Apollo
391 2109 430 2168 sit
444 2125 567 2187 parens,
583 2106 665 2168 Musa
681 2105 809 2186 Orpheo,

124 2189 180 2260 Qui
196 2208 265 2251 saxa
281 2198 369 2251 cantu
384 2193 476 2251 movit
490 2197 520 2251 et
534 2192 648 2252 domuit
662 2191 742 2252 seras

125 2274 276 2353 Hebrique
291 2276 388 2335 tenuit
401 2277 521 2353 inpetus
536 2275 619 2335 dulci
633 2293 725 2336 mora.

123 2358 202 2435 Ergo
217 2358 287 2417 hinc
306 2357 407 2418 abesto
421 2358 513 2428 livor,
528 2377 567 2419 ne
581 2358 694 2421 frustra
708 2377 818 2437 gemas,

124 2440 269 2511 Quoniam
285 2441 437 2502 sollemnis
451 2442 525 2502 mihi
540 2442 666 2503 debatur
680 2443 784 2520 gloria.

165 2525 272 2585 lnduxi
287 2533 317 2584 te
333 2526 368 2585 ad
384 2525 560 2603 legendum3
574 2529 724 2587 sincerum
738 2525 812 2588 mihi

124 2607 258 2669 Candore
274 2617 349 2673 noto.
358 2609 465 2670 reddas
479 2607 622 2670 iudicium
637 2617 717 2686 peto.
790 2648 794 2655 -

484 2761 677 2821 FABVLA
699 2762 724 2822 1.

374 2857 489 2910 Ast
506 2859 565 2909 AD
583 2859 839 2912 AMPHORAM.

166 2944 247 3004 Anus
261 2946 360 3004 iacere
375 2943 450 3004 vidit
465 2952 583 3023 epotam
597 2945 779 3024 amphoram,
886 3014 889 3019 ,

124 3027 228 3087 Adhuc
242 3028 369 3088 Falerna
383 3028 466 3088 faece
483 3047 499 3088 e
514 3035 590 3089 testa
605 3028 699 3089 nobili

126 3109 254 3171 Odorem
268 3129 343 3190 quae
358 3111 519 3172 iocundum
533 3112 592 3173 late
609 3118 770 3191 spargeret.

125 3193 211 3254 Hunc
225 3202 381 3273 postquam
396 3197 467 3254 totis
482 3195 567 3256 avida
582 3197 672 3256 traxit
687 3194 827 3257 naribus:

126 3275 150 3337 0
166 3279 264 3337 suavis
279 3277 391 3338 anima!
414 3277 500 3356 quale
515 3281 547 3338 in
562 3284 592 3338 te
607 3279 704 3339 dicam
719 3279 829 3340 bonum

126 3360 256 3422 Antehac
271 3362 378 3436 luisse,
394 3361 470 3422 tales
485 3379 552 3423 cum
567 3364 628 3423 sint
642 3362 805 3443 reliquiae?

166 3444 229 3504 Hoc
243 3462 302 3524 quo
316 3447 480 3526 pertineat,
497 3445 589 3517 dicet,
606 3448 657 3526 qui
672 3465 719 3509 me
734 3450 863 3511 noverit.
