2362 3854
395 210 556 267 PHAEDRI
575 211 799 269 ressvmuvu

447 376 640 439 FABVLA
660 377 742 438 XVI.

327 473 441 538 owe,
459 475 627 528 omvvs
644 476 699 528 Eu
717 475 866 528 LVva,

160 558 327 621 Fraudator
340 561 477 623 homines
493 579 561 622 cum
580 560 701 622 advocat
721 578 862 640 sponsum
876 560 1029 642 inprobos,

114 641 183 705 Non
197 661 262 712 rem
277 644 437 724 expedire,
453 643 506 706 sed
521 644 630 706 malum
646 660 755 728 augere
770 647 894 724 expetit.

104 725 116 739 ”
159 726 250 789 Ovem
264 727 389 805 rogabat
403 746 510 790 cerrus
522 728 657 790 modium
671 729 767 790 tritici

116 811 200 890 Lupo
214 828 368 891 sponsore.
397 812 436 872 m
450 811 502 874 illa
515 821 725 892 praemetuens
740 812 855 875 dolum:
940 816 945 825 '

115 893 230 973 Rapere
246 903 334 974 atque
348 894 432 956 abire
447 912 566 975 semper
580 894 714 957 adsuerit
728 895 825 975 lupus,
1059 906 1077 957 5

116 977 162 1038 l'u
176 979 212 1040 de
228 986 388 1058 conspectu
403 980 508 1057 lugere
523 979 618 1040 veloci
631 981 751 1058 inpetu;

115 1059 171 1122 Vbi
185 1079 237 1123 vos
252 1064 421 1143 requiram,
437 1080 506 1124 cum
520 1063 585 1124 dies
600 1063 771 1125 advenerit?

438 1197 629 1258 FABVLA
651 1198 748 1258 XVII.

271 1309 274 1313 ’
347 1293 460 1357 owe,
478 1293 604 1346 (tems
620 1294 677 1347 m
693 1283 843 1351 LVPVS.

157 1376 260 1439 Solent
273 1379 432 1442 mendaces
444 1380 529 1441 luere
544 1397 655 1458 poenas
669 1379 805 1442 maleficl.

114 1460 314 1523 Calumniator
329 1462 366 1524 ab
382 1481 435 1523 ore
450 1481 518 1524 cum
532 1470 650 1542 peteret
663 1467 756 1533 canis,

112 1543 209 1616 Quem
223 1546 423 1608 commodasse
437 1565 545 1627 panem
559 1565 591 1609 se
606 1548 808 1620 contenderet,

112 1628 215 1708 Lupus
229 1631 338 1691 citatus
352 1631 436 1692 testis
450 1648 510 1692 nou
527 1648 618 1692 unum
633 1632 720 1693 modo

112 1711 224 1773 Deberi
239 1713 329 1784 dixit,
344 1732 450 1776 verum
465 1713 628 1777 adfirmavit
642 1715 756 1776 decem.

114 1795 184 1857 Ovis
200 1796 336 1857 damnata
349 1798 423 1858 lalso
437 1799 608 1860 testImonio

113 1878 198 1949 Quod
211 1897 272 1941 uon
286 1878 416 1941 debebat
429 1882 526 1940 solvit.
555 1880 626 1941 Post
639 1897 750 1959 paucos
764 1880 830 1942 dies

113 1962 225 2024 Bidens
240 1964 388 2024 iacentem
401 1965 434 2023 in
447 1964 532 2024 lovea
546 1966 703 2043 conspexit
715 1964 832 2043 lupum:

112 2044 208 2115 llaec,
223 2046 337 2124 lnquit,
352 2064 468 2108 merces
483 2046 595 2109 fraudis
609 2065 627 2108 a
641 2051 759 2126 superis
774 2047 870 2110 datur.

428 2197 621 2260 FABVLA
640 2197 753 2259 XVIII.

354 2294 524 2347 mmet
540 2295 825 2350 PAR'PVRIENS.

153 2377 246 2441 Nemo
261 2379 391 2442 libenter
405 2381 512 2441 recolb
525 2381 577 2460 qui
591 2380 677 2443 laesit
688 2381 798 2443 locum.
852 2426 857 2434 ‚

110 2461 240 2523 Instante
254 2471 342 2541 partu
356 2464 465 2525 mulier
480 2467 554 2526 actis
568 2463 721 2530 mensibus

110 2544 206 2607 Humo
220 2545 337 2608 iacebat
350 2546 468 2609 flebiles
482 2550 610 2626 gemitus
625 2548 719 2609 ciens.

110 2626 163 2688 Vir
177 2636 223 2689 est
235 2629 384 2700 hortatus,
400 2648 508 2711 corpus
521 2630 599 2692 lecto
613 2633 772 2711 reciperet,

110 2710 192 2773 Onus
205 2720 329 2774 naturae
344 2715 451 2776 melius
465 2732 524 2794 quo
539 2715 712 2795 deponeret.
766 2757 767 2762 κ

109 2794 246 2866 Minime,
261 2799 374 2876 inquit,
390 2796 443 2860 illo
456 2815 544 2880 posse
559 2799 674 2860 conlido
687 2799 753 2860 loco

108 2876 218 2940 Malum
232 2880 329 2951 liniri,
344 2899 403 2960 quo
417 2889 593 2962 conceptum
608 2893 653 2945 est
667 2884 764 2944 initio.

440 3017 632 3078 FABVLA
652 3018 732 3079 XIX.

371 3113 497 3166 CANIS
513 3113 799 3168 mmmm.

149 3193 267 3258 Habent
282 3196 407 3259 insldias
421 3198 552 3260 hominis
566 3199 729 3261 blanditiae
746 3199 835 3262 mali:

106 3273 186 3347 Quas
200 3285 234 3340 ut
249 3280 377 3342 vitemus
390 3298 495 3343 versus
510 3281 638 3344 subiecti
651 3292 783 3344 monent.

149 3360 237 3422 Canis
252 3366 424 3442 parturiens
439 3383 506 3434 oum
520 3374 656 3444 rogasset
670 3367 804 3439 alteram,

105 3440 144 3503 Vt
155 3444 249 3506 letum
264 3447 296 3508 in
312 3451 377 3510 eius
389 3451 510 3527 tugurio
525 3450 698 3530 deponeret,
755 3530 758 3535 ¹
