2362 3854
510 213 618 272 LIBER
637 215 673 269 II.

456 363 647 424 uAanA
668 363 723 422 IV.
802 397 804 400 >

320 461 499 523 AQVILA,
516 461 650 512 umbus
666 461 721 511 ΕΤ
739 461 865 514 ΑΡΕΒ.

151 545 258 626 Aquila
273 547 305 607 in
320 547 442 608 sublimi
457 565 571 626 quercu
586 547 690 632 nidum
704 547 830 616 feceram

108 627 198 691 Feles
213 648 368 691 cavernam
383 639 490 692 nancta
505 634 537 691 in
552 632 650 692 media
665 638 824 709 pepererat
833 651 842 700 ;

109 713 168 774 Sus
182 717 315 775 nemoris
330 715 440 775 cultrix
453 716 547 798 letum
563 715 599 775 ad
614 717 703 776 imam
718 721 869 793 posuerat.

108 796 188 857 Tum
201 798 358 859 fortuitum
372 799 446 859 seles
461 798 691 859 contubernium

108 881 227 942 Fraude
243 889 274 942 et
289 881 414 943 scelesta
429 885 473 943 sic
488 887 595 943 evertit
609 882 731 943 malitia.

107 964 155 1025 ad
170 965 273 1026 nidum
287 967 404 1026 scandit
419 967 562 1027 volucris:
592 966 759 1035 PernicieS,
776 967 826 1035 ait,

108 1046 180 1107 Tibi
194 1057 331 1128 paratur,
347 1050 448 1111 forsan
463 1058 494 1110 et
508 1053 635 1111 miserae
651 1050 741 1120 mibi;

108 1130 185 1192 Nam
199 1133 302 1194 fodere
317 1141 429 1194 terram
444 1135 521 1214 quod
537 1134 619 1195 vides
634 1134 743 1194 cotidie

108 1215 224 1293 Aprum
238 1218 429 1288 insidiosum,
446 1236 589 1297 quercum
604 1218 666 1277 vult
681 1225 825 1286 evertere,

108 1297 147 1358 Vt
161 1307 292 1361 nostram
307 1302 338 1361 in
353 1303 442 1381 plano
457 1303 545 1363 facile
560 1304 736 1382 progeniem
750 1302 907 1380 opprimat.

108 1381 239 1444 Terrore
254 1385 348 1446 olluso
363 1393 393 1445 et
406 1386 592 1465 perturbatis
606 1384 743 1447 sensibus

107 1465 234 1546 Derepit
248 1469 284 1528 ad
300 1467 398 1530 cubile
413 1478 529 1531 setosae
543 1472 623 1530 suis:

108 1549 231 1628 Magno,
247 1554 359 1632 inquit,
375 1555 407 1612 in
422 1554 535 1632 periclo
551 1561 618 1613 sunt
633 1555 694 1614 nati
709 1555 769 1621 tui;

108 1632 201 1703 Nam,
218 1636 307 1696 simul
323 1638 433 1697 exieris
447 1645 565 1715 pastum
580 1655 648 1697 cum
662 1644 765 1696 tenero
781 1652 881 1713 grege,

110 1716 216 1797 Aquila
230 1726 276 1778 est
288 1727 391 1798 parata
407 1738 514 1800 rapere
529 1720 674 1799 porcellos
688 1719 755 1779 tibi.
997 1712 1001 1726 ’

109 1800 196 1862 Hunc
211 1820 328 1882 quoqne
343 1807 451 1866 timore
466 1813 622 1885 postquam
636 1804 785 1883 conpleuit
800 1804 908 1874 locum,

108 1883 218 1945 Dolosa
232 1894 296 1947 tuto
312 1888 445 1949 condidit
460 1907 526 1949 sese
541 1907 622 1950 cavo.

108 1967 182 2028 Inde
198 1977 316 2047 evagata
330 1979 420 2034 noctu
434 1991 579 2052 suspenso
593 1973 678 2052 pede,

108 2049 166 2111 Vbi
181 2069 248 2113 esca
264 2072 295 2114 se
310 2055 436 2133 replevit
451 2065 480 2117 et
494 2057 609 2136 prolem
623 2076 716 2125 suam,

108 2134 251 2198 Pavorem
266 2139 407 2200 simulans
421 2142 567 2219 prospicit
581 2147 643 2199 toto
659 2141 718 2217 die..

108 2218 237 2281 Ruinam
250 2229 387 2284 metuens
402 2224 501 2303 aquila
518 2225 609 2283 ramis
623 2223 755 2293 desidet;

109 2303 189 2381 Aper
203 2305 338 2383 rapinam
352 2309 448 2369 vitans
463 2326 522 2367 non
536 2307 636 2386 prodit
651 2307 741 2367 foras.
843 2366 847 2373 ,

109 2383 186 2455 Quid
201 2388 310 2449 multat
334 2389 437 2451 Inedia
451 2398 521 2452 sunt
535 2393 702 2469 consumpti
717 2408 785 2451 cum
799 2392 861 2452 suis

109 2468 248 2550 Felisque
264 2473 369 2534 catulis
383 2475 496 2551 largam
510 2474 714 2554 praebuerunt
728 2475 844 2553 dapem.

151 2551 299 2623 Quantum
314 2557 401 2618 borno
416 2558 562 2636 bilinguis
576 2576 664 2637 saepe
680 2561 838 2620 concinnet
851 2559 932 2630 mali,

108 2635 323 2700 Documentum
338 2641 449 2702 babere
465 2642 554 2703 stulta
569 2642 729 2704 credulitas
742 2650 848 2721 potest.

466 2777 657 2837 FABVLA
676 2777 715 2835 V.

255 2869 388 2940 [ITEM]
408 2874 573 2926 CAESAR
590 2876 648 2925 AD
665 2874 929 2928 summamus.

150 2956 203 3016 Est
218 2958 403 3019 ardalionum
417 2960 561 3037 quaedam
575 2959 686 3021 Romae
702 2961 793 3029 natio,

108 3041 239 3118 Trepide
254 3059 447 3112 concursans,
463 3049 605 3121 occupata
619 3045 652 3102 in
666 3045 735 3111 otio,

108 3124 208 3184 Gratis
224 3125 378 3195 anhelans,
394 3127 486 3188 multa
502 3126 615 3203 agendo
630 3126 674 3186 nil
688 3143 790 3204 agens,

107 3207 174 3268 Sibi
189 3207 313 3269 molesta
328 3217 358 3269 et
372 3211 438 3271 aliis
453 3211 649 3272 odiosissima.

106 3291 190 3352 Hanc
205 3293 378 3363 emendare,
394 3297 419 3357 si
435 3302 535 3356 tamen
549 3313 684 3375 possum,
700 3295 766 3354 volo

109 3371 184 3436 Vera
198 3373 320 3436 sabella:
344 3380 474 3455 pretium
489 3388 534 3441 est
549 3397 657 3458 operae
672 3378 843 3439 adtendere.

151 3458 259 3521 Caesar
273 3459 415 3533 'liberius
429 3480 498 3523 cum
509 3471 618 3542 petens
632 3462 787 3543 Neapolim
