2362 3854
469 223 577 279 LIBER
598 224 633 279 11.
654 224 703 280 111.

424 423 547 484 LIBER
570 423 752 493 TERTIVS.

301 537 531 590 PHAEDRVS
549 540 607 589 AD
624 538 877 593 svbitom,

149 623 280 686 Phaedri
294 623 411 685 libellos
425 623 525 701 legere
541 625 567 684 si
582 622 744 694 desideras,

105 708 201 770 Vaces
215 715 346 788 oportet,
363 705 511 786 Eutyche,
528 725 544 767 a
559 710 696 785 negotiis,

107 794 143 856 Vt
159 791 239 853 liber
253 793 369 853 animus
385 793 493 852 sentiat
506 793 567 850 vim
581 794 733 853 carminis.

106 875 232 945 Verum,
248 876 362 956 inquis,
378 878 454 936 tanti
469 893 528 935 non
544 883 590 936 est
605 878 758 954 ingenium
773 884 867 946 tuum,

106 959 289 1021 Momentum
303 965 337 1019 ut
350 959 441 1019 horae
455 968 559 1037 percat
573 959 680 1020 officiis
694 963 780 1020 meis.

107 1043 174 1105 Non
190 1061 260 1121 ergo
275 1061 363 1103 causa
380 1051 426 1102 est
440 1040 577 1103 manibus
591 1043 622 1103 id
638 1046 719 1120 tangi
734 1046 804 1112 tuis,

108 1126 193 1198 Quod
208 1129 359 1205 occupatis
374 1126 497 1187 auribus
512 1144 572 1186 non
587 1129 733 1187 convenit.

109 1213 249 1274 Fortasse
265 1211 361 1272 dices:
391 1210 515 1290 Aliquae
530 1213 651 1270 venient
665 1211 770 1280 feriae,
831 1242 832 1246 =

108 1295 189 1367 Quae
204 1312 252 1355 me
267 1294 362 1355 soluto
377 1303 497 1373 pectore
513 1296 549 1354 ad
565 1295 695 1356 studium
710 1302 825 1355 vocent.

108 1380 257 1457 Legesnc,
274 1396 396 1458 quaeso,
413 1380 513 1457 potius
529 1377 601 1457 vites
616 1381 730 1448 nenias,

108 1463 265 1542 Impendas
280 1480 382 1522 curam
396 1481 485 1541 quam
499 1463 546 1522 rei
561 1462 749 1531 domesticae,

109 1545 228 1608 Reddas
241 1548 345 1607 amicis
360 1554 507 1624 tempora,
525 1548 610 1606 uxori
625 1563 720 1615 vaces,

109 1632 249 1692 Animum
263 1630 392 1699 relaxes,
410 1632 503 1691 otium
518 1629 571 1689 des
585 1632 712 1708 corpori,

108 1714 146 1776 Vt
161 1714 314 1775 adsuetam
328 1714 436 1774 fortius
453 1719 587 1791 praestes
601 1713 716 1773 vicem?

108 1797 281 1858 Mutandum
296 1796 353 1857 tibi
366 1799 552 1877 propositum
568 1804 613 1857 est
628 1804 657 1857 et
671 1799 749 1856 vitae
765 1813 869 1874 genus,

109 1882 225 1943 intrare
240 1882 267 1940 si
280 1879 431 1941 Musarum
445 1881 537 1942 limen
552 1884 673 1958 cogitas.

109 1965 186 2043 Ego,
203 1982 292 2044 quem
305 1964 406 2025 Pierio
420 1972 516 2026 mater
531 1967 619 2025 enixa
634 1973 679 2026 est
692 1964 772 2043 jugo,

106 2048 143 2111 ·1n
158 2066 216 2128 quo
231 2051 345 2108 tonanti
360 2056 460 2109 sancta
475 2049 663 2127 Mnemosyne
678 2049 740 2109 lovi

109 2130 249 2196 Fecunda
263 2134 366 2192 novies
381 2136 491 2192 artium
505 2135 624 2211 peperit
639 2132 771 2200 chorum,

108 2215 250 2286 Quamvis
265 2217 296 2275 in
311 2217 376 2294 ipsa
390 2233 485 2294 paene
500 2223 588 2276 natus
602 2217 659 2276 sim
674 2215 773 2276 schola

108 2301 275 2379 Curamque
289 2298 419 2360 habendi
433 2302 553 2378 penitus
567 2299 656 2360 corde
672 2301 814 2360 eraserim

107 2383 147 2445 Et
161 2383 248 2444 laude
262 2385 372 2444 invicta
387 2386 476 2444 vitam
490 2386 522 2443 in
536 2384 612 2443 hanc
626 2383 823 2452 incubuerim,

108 2465 274 2530 Fastidiose
288 2475 388 2528 tamen
402 2469 434 2528 in
449 2475 565 2527 coetum
579 2469 718 2545 recipior.

108 2549 186 2621 Quid
201 2549 299 2611 credis
313 2550 357 2610 iiii
372 2550 523 2621 accidere,
540 2554 591 2630 qui
606 2567 726 2628 magnas
741 2568 814 2630 opes

108 2635 295 2712 Exaggerare
311 2637 429 2714 quaerit
442 2636 523 2699 omni
537 2635 646 2712 vigilia,

108 2718 201 2779 Docto
215 2717 311 2779 labori
326 2717 411 2778 dulce
426 2736 611 2798 praeponens
625 2718 759 2779 lucrum?

108 2800 168 2862 Sed
183 2803 243 2861 iam
258 2801 584 2881 quodcumque-inerit,
600 2810 633 2863 ut
648 2802 724 2863 dixit
738 2801 840 2871 Sinon,

107 2885 152 2946 Ad
166 2901 269 2962 regem
284 2903 351 2945 cum
365 2884 533 2946 Dardaniae
547 2886 709 2964 perductus
722 2885 815 2957 soret,

107 2967 233 3030 Librum
248 2967 376 3028 exarabo
392 2970 514 3028 tertium
528 2968 637 3047 Aesopi
652 2969 729 3038 stiio,

107 3051 222 3113 Honori
236 3059 267 3113 et
281 3053 398 3112 meritis
413 3050 553 3112 dedicans
566 3051 650 3111 ilium
665 3055 734 3112 tuis.

106 3134 203 3206 Quem
218 3137 243 3196 si
258 3135 353 3212 leges,
369 3135 517 3206 iaetab0r;
533 3137 579 3196 sin
595 3143 693 3196 autem
708 3136 816 3206 minus,

107 3216 269 3280 Habebunt
283 3225 377 3290 certe,
394 3237 452 3298 quo
468 3237 500 3279 se
515 3219 663 3280 oblectent
677 3222 798 3298 posteri.

150 3301 250 3370 Nunc,
266 3300 431 3363 tabularum
448 3320 502 3362 cur
516 3305 556 3364 sit
569 3305 721 3366 inventum
736 3320 839 3382 genus,

106 3386 198 3447 Brevi
212 3383 334 3446 docebo.
364 3385 498 3447 Servitus
512 3386 648 3458 obnoxia,
666 3405 668 3410 ⁴
719 3431 724 3442 .

108 3469 188 3541 Quia
202 3486 277 3549 quae
294 3467 411 3530 volebat
425 3487 484 3530 non
499 3470 626 3531 audebat
642 3473 759 3541 dicere,

801 3563 864 3626 ⁷2,
