2362 3854
257 845 474 921 Punuuur
498 845 706 921 nvovsui
729 845 921 920 LIBERTI

128 1040 557 1127 uquunltvu
590 1037 1048 1127 nusoulnltvii

407 1245 552 1306 LIBER
578 1245 769 1308 PRIMVS.

512 1447 663 1456 —-———-

469 1608 703 1664 PROLOGVS.

149 1714 282 1792 Aesopus
297 1719 401 1774 auctor
415 1729 504 1791 quam
518 1713 674 1772 materiam
687 1713 830 1791 repperit,

107 1797 191 1859 liano
205 1813 261 1875 ogo
275 1796 366 1876 polivi
380 1794 516 1856 versibus
531 1797 668 1857 senariis.

107 1880 223 1960 Duplex
236 1879 330 1941 libelli
346 1879 399 1940 dos
413 1886 475 1940 est:
498 1879 577 1959 quod
591 1880 685 1942 risum
700 1887 798 1941 movet

107 1963 146 2024 Et
159 1963 237 2043 quod
252 1963 391 2043 prudenti
409 1964 499 2023 vitant
514 1962 639 2024 oonsilio
654 1972 764 2024 mouet.

108 2047 288 2109 Calumniari
303 2047 398 2124 siquis
412 2053 510 2106 autem
524 2045 660 2114 voluerit,

107 2129 193 2201 Quod
208 2128 331 2190 arbores
345 2128 518 2207 loquantur,
533 2145 593 2189 non
608 2136 723 2190 tantum
737 2129 829 2200 ferae,

108 2214 203 2278 Fictis
216 2215 380 2274 iocariuos
394 2212 566 2272 meminerit
579 2211 698 2273 fabulis.

465 2362 658 2423 FABVLA
682 2363 707 2422 Ι.

397 2458 536 2510 mvn
551 2459 607 2510 Eu
623 2460 777 2514 AGN'VS.

149 2544 194 2605 Ad
208 2545 305 2607 rivum
320 2543 447 2606 eundem
461 2543 549 2624 lupus
564 2552 594 2606 et
607 2562 700 2624 agnus
714 2552 857 2608 venerant

108 2628 166 2689 Siti
180 2627 331 2707 ooupulsi;
354 2629 493 2708 superior
509 2627 606 2689 stabat
619 2629 705 2709 lupus

107 2711 267 2791 Longeque
282 2712 409 2773 inferior
423 2728 526 2789 agnus.
556 2711 639 2773 'l'uno
654 2715 739 2776 ianoe
754 2713 880 2795 inproba

106 2793 197 2856 Latro
211 2797 374 2856 incitatus'
366 2797 458 2871 iurgii
473 2813 590 2856 oausam
603 2796 712 2858 intulit.

108 2878 183 2946 Cur,
198 2879 309 2955 inquit,
325 2877 528 2939 turbulentam
542 2879 640 2940 iecisti
654 2880 728 2941 mihi

107 2961 220 3039 Aquam
236 2959 371 3023 bibenti?
399 2962 528 3039 Laniger
542 2970 644 3023 eontra
659 2965 782 3024 timens·

107 3043 165 3114 Qui
179 3061 317 3122 possum,
332 3062 455 3125 quaeso,
470 3046 586 3117 iacere,
602 3047 680 3123 quod
695 3049 846 3127 quereris,
861 3047 950 3129 lupei
1030 3074 1039 3087 ·

106 3131 176 3190 Ate
191 3126 324 3188 decurrit
338 3128 376 3189 ad
389 3147 471 3190 meos
485 3129 608 3192 haustus
623 3131 730 3212 liquor.

105 3210 252 3290 Repulsus
267 3211 317 3272 illo
333 3214 467 3274 veritatis
481 3212 609 3275 viribus:

106 3296 182 3357 into
195 3295 251 3355 hos
266 3313 318 3357 sex
332 3310 449 3358 menses
463 3297 553 3366 mole,
570 3300 625 3368 ait,
641 3299 744 3361 dixisti
758 3299 844 3362 mihi
1033 3307 1066 3360 lo

106 3378 269 3457 Respondit
284 3397 390 3458 agnus:
419 3379 566 3460 Equidem
580 3389 666 3444 natus
680 3401 741 3444 non
753 3401 851 3447 eram.

156 3491 309 3536 empore.
858 3480 887 3541 x
