2362 3854
170 212 213 276 24
449 214 610 269 PHAEDRI
630 213 854 269 FABVLARVM

169 367 311 444 Idemque
326 366 476 441 insignem
490 363 614 442 pulchra
628 364 704 423 facie
720 364 822 423 lilium.

170 450 222 521 Hi,
239 449 392 528 speculum
407 450 439 508 in
454 448 595 508 cathedra
611 450 715 507 matris
729 455 763 507 ut
777 449 907 525 positum
922 448 988 518 luit,

169 532 330 611 Pueriliter
345 532 480 592 ludentes
494 532 572 592 sorte
587 533 792 608 inspexerunt.

169 617 227 677 Hic
242 635 274 678 se
288 618 452 677 formosum
467 617 570 675 iactat:
594 615 644 674 illa
659 616 799 676 irascitur

169 700 232 761 Nec
246 701 402 778 gloriantis
417 701 543 759 sustinet
557 700 661 759 fratris
676 701 766 769 iocos

169 786 327 864 decipiens
342 786 452 863 quippe
468 790 573 844 cuncta
588 784 620 842 in
635 783 854 844 contumeliam.

169 869 248 946 Ergo
264 869 299 929 ad
314 875 432 947 patrem
446 867 579 927 decurrit
594 867 711 927 laesura
726 869 853 926 invicem

169 954 333 1031 Magnaque
349 950 461 1011 invidia
477 953 651 1011 criminatur
665 951 768 1020 lilium,

168 1037 221 1102 Vir
236 1044 324 1097 natus
339 1035 418 1114 quod
433 1053 498 1095 rem
511 1036 691 1095 feminarum
706 1035 849 1111 tetigerit.

169 1120 329 1199 Amplexus
342 1119 391 1179 ille
406 1127 567 1198 utrumque
583 1127 612 1179 et
628 1137 754 1198 carpens
769 1118 869 1178 oscula

169 1205 352 1282 Dulcemque
366 1205 399 1262 in
415 1203 517 1263 ambos
532 1205 688 1263 caritatem
702 1204 851 1281 partiens:

169 1287 323 1357 Quotidie,
339 1289 451 1364 inquit,
468 1286 588 1365 speculo
603 1305 655 1346 vos
669 1287 712 1345 uti
726 1285 806 1345 volo:

169 1372 215 1431 'lu
229 1372 355 1431 formam
369 1388 407 1430 ne
423 1388 597 1448 corrumpas
612 1371 762 1448 nequitiae
776 1370 880 1439 malis:

170 1455 216 1515 Tu
231 1456 337 1516 faciem
353 1461 387 1514 ut
402 1457 489 1514 istam
503 1452 637 1514 moribus
651 1455 753 1513 vincas
767 1451 863 1514 bonis·

517 1605 710 1665 FABVLA
731 1606 784 1665 IX.

410 1703 624 1755 sociemus
642 1704 700 1754 AD
718 1702 888 1755 Animos.

212 1791 337 1867 Vulgare
354 1791 442 1850 amici
458 1807 580 1859 nomen,
597 1789 650 1849 sed
665 1807 733 1849 rara
748 1795 794 1848 est
808 1788 890 1848 fides,

170 1875 244 1936 Cum
258 1892 364 1953 parvas
379 1873 468 1932 aedes
482 1873 540 1932 sihi
555 1873 710 1933 fundasset
725 1871 871 1941 Socrates,

171 1957 271 2035 (Cuius
285 1975 344 2017 non
358 1957 441 2033 fugio
455 1967 597 2030 mortem,
616 1959 642 2016 si
656 1957 765 2016 famam
780 1955 938 2035 adsequar,

168 2041 207 2102 Et
221 2041 294 2101 cedo
309 2040 454 2110 invidiae,
471 2040 629 2101 dummodo
646 2038 780 2100 absolvar
796 2039 890 2119 cinis)

170 2125 211 2185 Ex
228 2125 336 2204 populo
352 2126 395 2184 sic
409 2125 509 2184 nescio
523 2127 606 2204 quis,
622 2132 656 2185 ut
670 2125 741 2184 lieri
756 2124 846 2184 solet:

170 2207 300 2279 Quaeso,
315 2216 376 2269 tam
391 2216 545 2285 angustam
560 2209 628 2269 talis
643 2210 690 2267 vir
704 2210 791 2287 ponis
806 2207 944 2268 domum!

169 2291 301 2362 Vtinam,
317 2293 431 2370 inquit,
448 2295 528 2352 veris
542 2293 619 2352 hanc
636 2293 741 2352 amicis
755 2291 900 2370 inpleaml

529 2443 779 2536 uaovqaur.

599 2541 751 2594 POETA.

212 2625 417 2687 Periculosum
432 2632 478 2686 est
492 2627 615 2687 credere
631 2635 662 2687 et
676 2645 735 2686 non
750 2628 885 2688 credere.

170 2710 331 2788 Vtriusque
347 2709 515 2788 exemplum
530 2710 663 2771 breviter
679 2728 823 2789 exponam
838 2713 893 2772 rei.

212 2793 388 2872 Hippolytus
403 2792 494 2863 obiit,
510 2796 581 2872 quia
595 2812 740 2854 novercae
757 2796 904 2856 creditum
919 2803 981 2866 est:

170 2877 351 2938 Cassandrae
367 2879 437 2957 quia
451 2896 511 2938 non
525 2879 686 2948 creditum,
702 2881 763 2939 ruit
777 2879 873 2940 llium.

169 2960 250 3037 Ergo
264 2961 443 3039 exploranda
458 2968 503 3021 est
517 2965 627 3023 veritas
641 2963 781 3032 multum,
797 2964 882 3042 prius

170 3042 264 3112 Quam
280 3045 368 3105 stulta
382 3062 473 3126 prave
489 3047 602 3107 iudicet
621 3049 777 3107 sententia.

171 3126 230 3187 Sed
244 3127 408 3188 fabulosam
423 3146 461 3188 ne
476 3137 653 3191 vetustatem
671 3131 777 3198 eleves,

170 3209 305 3271 Narrabo
321 3209 376 3271 tibi
390 3215 535 3272 memoria
549 3213 629 3292 quod
643 3214 754 3273 lactum
769 3220 815 3273 est
829 3233 904 3277 mea.

213 3294 338 3355 Maritus
351 3295 471 3374 quidam
487 3314 555 3356 cum
570 3296 710 3374 diligeret
724 3299 881 3376 coniugem
988 3342 990 3346 -

170 3376 341 3458 Togamque
355 3397 462 3458 puram
476 3380 534 3439 iam
549 3388 669 3458 pararet
682 3381 752 3452 filio,

164 3460 317 3524 Seductus
327 3464 360 3524 iu
376 3471 526 3524 secretum
541 3482 558 3525 a
572 3463 680 3525 liberto
696 3475 740 3528 est
755 3485 818 3538 suo,
