2362 3854
504 219 613 275 LIBER
633 220 681 277 III.

112 371 189 432 Nam
204 376 235 431 et
250 367 302 430 ubi
317 367 484 430 tricandum
500 376 530 429 et
544 368 597 430 ubi
612 370 794 431 currendum
808 373 848 432 sit
862 372 935 433 scio.
968 390 973 399 ·

113 516 116 523 ,
155 454 217 515 llac
233 453 363 514 derideri
379 453 478 514 fabula
492 455 601 514 merito
616 462 723 533 potest,
1044 462 1078 515 10

113 537 171 608 our
186 540 251 599 sine
266 540 374 598 virtute
389 555 478 598 vanas
494 546 614 598 exercet
628 540 733 599 minas.

452 690 645 750 FABVLA
666 691 734 749 VH.

370 785 527 839 1217va
552 789 615 840 AD
641 789 817 842 CANEM.

155 872 250 944 Quam
264 873 360 933 dulcis
375 875 413 934 sit
427 872 565 943 libertas,
580 872 712 934 breviter
726 873 897 955 proloquar.

115 958 188 1020 Cani
203 965 342 1037 perpasto
357 960 451 1017 macie
468 958 620 1018 coniectus
633 958 722 1036 lupus

114 1042 204 1103 Forte
220 1043 397 1102 occucurrit.
428 1040 504 1101 Dein
519 1042 678 1102 salutatum
694 1044 823 1102 invicem

113 1125 150 1187 Vt
164 1127 353 1186 restiterunt:
383 1126 465 1185 Vnde
481 1128 540 1195 sic,
557 1144 680 1205 quaeso,
697 1127 794 1187 nites?

113 1210 172 1269 Aut
186 1227 245 1289 quo
260 1208 326 1269 cibo
341 1209 439 1269 fecisti
455 1216 570 1271 tantum
584 1211 738 1288 corporis?
765 1220 769 1227 '

113 1292 191 1372 Ego,
208 1295 261 1372 qui
276 1311 342 1353 sum
357 1293 442 1370 longe
457 1294 579 1364 fortior,
596 1312 688 1374 pereo
706 1295 794 1355 lame.

113 1377 202 1440 Canis
217 1377 407 1457 simpliciter:
437 1378 549 1439 Eadem
564 1387 609 1438 est
624 1379 757 1439 condicio
772 1379 839 1448 tibi,

112 1461 269 1522 Praestare
284 1461 404 1522 domino
419 1464 445 1522 si
459 1480 514 1540 par
529 1463 659 1523 osticium
672 1471 767 1542 potes

113 1543 217 1615 Quod?
237 1546 336 1624 inquit
350 1545 409 1606 ille.
441 1545 546 1606 Custos
561 1554 594 1606 ut
608 1549 650 1606 sis
665 1546 786 1616 liminis,

112 1629 136 1691 Α
151 1629 268 1690 furibus
283 1630 396 1689 tuearis
411 1637 441 1689 et
455 1638 545 1690 noctu
560 1630 689 1690 domum.

112 1712 175 1790 Ego
190 1730 261 1772 vero
276 1730 342 1773 sum
355 1720 491 1792 paratus:
514 1731 593 1774 nuno
608 1717 707 1794 patior
721 1716 804 1775 nives

112 1796 287 1876 Imbresque
301 1798 336 1857 in
352 1796 432 1857 silvis
447 1816 582 1876 asperam
597 1801 688 1859 vitam
703 1799 838 1859 trahens:

112 1880 228 1951 Quanto
243 1889 289 1942 est
303 1880 420 1942 facilius
435 1882 510 1942 mihi
526 1882 580 1943 sub
595 1890 674 1944 tecto
689 1885 811 1951 vivere·

112 1965 150 2026 Et
164 1965 292 2025 otiosum
306 1965 388 2042 largo
403 1968 505 2026 satiari
521 1967 606 2027 cibo?

111 2048 186 2108 Veni
202 2066 273 2126 ergo
287 2067 414 2111 mecum.
445 2050 519 2110 llum
534 2052 712 2128 procedunt,
729 2052 837 2130 aspicit

111 2132 212 2210 Lupus
228 2151 244 2192 a
261 2140 365 2193 catena
380 2133 486 2193 collum
502 2134 645 2195 detritum
660 2137 736 2194 cani.

110 2215 193 2276 Vnde
209 2216 279 2285 hoc,
297 2217 408 2276 amice?
438 2217 520 2277 Nihil
536 2225 590 2278 est.
621 2217 689 2287 nic,
706 2235 831 2296 quaeso,
847 2224 958 2278 tamen.

110 2297 186 2369 Quia
200 2300 302 2361 videor
317 2317 400 2370 acer,
417 2301 537 2378 alligant
551 2320 598 2362 me
614 2302 754 2371 interdiu,

110 2383 191 2444 Luce
206 2391 239 2444 ut
256 2385 409 2463 quiescam
425 2393 455 2445 et
468 2386 604 2463 vigilem,
620 2405 679 2446 nox
694 2404 761 2446 curn
776 2387 906 2446 venerit:

109 2467 290 2546 Crepusculo
305 2468 432 2539 solutus,
450 2488 507 2548 qua
522 2473 618 2531 visum
633 2476 691 2539 est,
708 2487 807 2546 vagor.
1038 2474 1073 2526 20

108 2551 248 2612 Adsertor
263 2552 341 2612 ultro
356 2555 457 2631 panis;
473 2554 509 2613 de
525 2573 625 2614 mensa
641 2573 694 2614 sua

108 2635 164 2695 llat
179 2653 246 2696 ossa
261 2635 413 2707 dominum
429 2638 524 2699 frusta
538 2641 649 2699 iactant
664 2639 775 2699 familia

107 2718 159 2788 Et,
176 2719 254 2798 quod
268 2720 385 2781 fastidit
398 2723 538 2802 quisque,
554 2723 794 2801 pulmentarium.

108 2802 159 2862 Sic
175 2805 239 2863 sine
254 2801 356 2864 labore
371 2813 475 2865 venter
490 2806 620 2886 inpletur
635 2825 729 2868 meus.

107 2887 184 2963 Age,
201 2886 284 2947 abire
299 2890 384 2967 siquo
400 2897 445 2948 est
461 2892 591 2958 animus,
608 2898 653 2950 est
668 2889 808 2950 licentiat
1037 2895 1072 2947 ab

106 2968 170 3029 Non
186 2969 272 3048 plane
288 2979 348 3041 est,
365 2974 473 3050 inquit.
503 2974 631 3042 Fruere,
648 2992 724 3052 quae
739 2973 858 3042 laudas,
875 2975 974 3034 canis:

105 3051 242 3130 Regnare
257 3054 341 3125 nolo,
357 3054 436 3116 liber
451 3063 483 3115 ut
498 3074 557 3115 non
572 3058 628 3116 sim
643 3057 727 3116 mihi.

438 3208 628 3269 nnBvLA
650 3209 736 3269 VIII.

385 3304 523 3356 SOROR
539 3308 594 3358 E‘I'
611 3307 795 3360 FRATER.

148 3379 311 3466 Praecepto
326 3393 455 3450 monitus
470 3409 558 3469 saepe
575 3400 605 3453 te
622 3394 787 3454 considera.

105 3469 241 3532 Habebat
255 3472 376 3552 quidam
391 3474 480 3534 filiam
496 3478 700 3553 turpissimam
