2362 3854
470 217 662 275 APPENDIX.

423 453 614 513 FABVLA
634 453 715 512 XXI.

323 569 508 622 VIA'I'OE
532 569 592 620 EI*
619 567 817 621 CORVVS.
838 600 844 611 .

222 675 322 732 Verbis
339 689 538 745 saepenumero
555 673 681 729 homines
698 673 792 741 decipi
807 672 906 730 solere.

128 788 255 860 Quidam
270 809 325 869 per
339 807 425 868 agros
442 789 560 851 devium
575 806 701 867 carpens
714 789 774 848 iter

87 875 158 936 nvn
174 876 324 935 exaudivit
339 881 369 934 et
383 880 515 934 moratus
528 873 690 952 paululum,

86 958 197 1018 Adesse
211 967 245 1018 ut
259 958 333 1018 vidit
346 959 512 1026 neminem,
528 959 609 1034 cepit
622 956 756 1033 gradum.

86 1043 198 1102 lterum
213 1042 321 1102 salutat
334 1042 413 1101 idem
429 1059 465 1100 ex
479 1041 595 1100 occulto
610 1057 710 1117 sonus,

89 1125 163 1184 Voce
179 1125 318 1204 hospitali
333 1125 523 1185 confirmatus
537 1127 658 1193 restitit,

86 1209 137 1278 Vt,
153 1211 289 1288 quisquis
304 1218 398 1279 esset,
413 1226 468 1288 par
482 1209 612 1269 officium
627 1209 787 1286 reciperet.

86 1291 159 1353 Cum
174 1295 426 1372 circumspectans
441 1310 544 1353 errore
559 1293 705 1354 haesisset
719 1292 771 1352 diu

86 1376 124 1435 Et
137 1376 318 1455 perdidisset
330 1384 449 1456 tempus
463 1377 583 1454 aliquot.
591 1375 714 1445 milium,

87 1459 222 1520 Ostendit
237 1478 303 1520 sese
318 1478 423 1520 corvus
438 1467 468 1519 et
482 1460 674 1538 supervolans

85 1542 155 1602 Avn
170 1561 264 1621 usque
278 1545 414 1620 ingessit.
444 1541 521 1601 Tum
536 1561 567 1602 se
582 1543 679 1603 lusum
695 1542 886 1620 intellegens:
1013 1547 1047 1599 10

85 1626 123 1685 tt
136 1625 212 1686 male
227 1625 282 1686 tibi
297 1629 351 1696 sit,
367 1627 476 1704 inquit,
493 1626 555 1686 ales
569 1627 709 1704 pessime,

85 1705 142 1778 Qui
157 1710 325 1771 festinantis
339 1711 385 1770 sic
399 1708 554 1769 detinuisti
568 1709 670 1788 pedes.

410 1893 601 1954 FABVLA
622 1894 717 1954 XXlI.

334 1998 500 2050 PASTOR
515 1999 570 2050 ET
589 1998 794 2052 cAPmLLA.

251 2095 300 2149 Nil
317 2094 458 2148 occultum
474 2108 549 2161 esee,
567 2095 643 2161 qnod
659 2111 716 2148 non
732 2095 882 2151 reveletur.

125 2208 230 2270 Pastor
245 2208 377 2287 capellae
392 2225 486 2268 cornu
501 2206 607 2268 baculo
621 2208 768 2284 fregerat:

82 2291 199 2368 Rogare
214 2293 327 2371 coepit,
343 2308 429 2352 nese
444 2291 564 2351 domino
578 2291 729 2369 proderet.

82 2373 222 2444 Quamus
237 2375 360 2452 indigne
375 2375 468 2445 laesa,
484 2373 617 2435 reticebo
632 2380 747 2445 tamem

83 2457 142 2520 Sed
156 2477 206 2520 res
220 2458 359 2520 clamabit
372 2460 452 2539 ipsa,
468 2456 541 2538 quid
556 2457 729 2538 deliqueris.

403 2660 595 2720 FABVLA
616 2661 726 2720 XXIII.

321 2765 510 2817 stimme
527 2767 583 2818 Etr
599 2766 807 2820 MOERI'A.

150 2860 206 2916 Ubi
221 2863 311 2919 leonis
327 2862 411 2930 pellis
428 2863 535 2929 deficit,
552 2863 698 2931 vulpinam
714 2862 886 2916 induendam
903 2877 972 2930 esse,

216 2929 271 2983 hoc
288 2929 343 2995 est,
360 2927 410 2982 nbi
427 2929 561 2984 deficiunt
576 2931 662 2997 vires,
680 2931 743 2984 astu
760 2929 904 2984 utendum.

125 3040 254 3120 Serpens
268 3042 409 3103 lacertam
423 3043 500 3115 torte
515 3044 667 3105 adversam
682 3043 858 3123 prenderat;

81 3122 176 3194 Quam
191 3125 332 3186 devorare
346 3127 446 3207 patula
461 3145 528 3187 eum
543 3127 630 3187 vellet
645 3129 723 3204 gula,

81 3208 218 3288 Arripuit
233 3208 284 3270 illa
297 3227 390 3289 prope
405 3214 551 3272 iacentem
566 3211 726 3283 surculum,

80 3290 118 3352 Et
133 3295 279 3370 pertinaci
293 3312 395 3355 morsu
408 3301 610 3357 transversum
624 3302 738 3367 tenens,

79 3374 205 3437 Avidum
220 3376 335 3437 sollerti
350 3380 458 3439 rictum
472 3380 601 3441 frenavit
616 3398 709 3441 mora.

80 3456 225 3521 Praedam
239 3459 352 3522 dimisit
367 3480 419 3523 ore
434 3481 557 3543 serpens
572 3465 700 3525 irritam.
