2362 3854
462 233 570 290 LIBER
589 233 624 293 V.

63 383 101 444 Vt
115 392 315 464 spectatorum
329 402 394 446 mos
408 391 467 453 est,
483 385 515 445 id
534 384 666 464 lepidum
681 402 775 462 genus

63 467 241 530 Desiderare
256 471 369 548 coepit,
386 469 470 530 cuius
485 467 607 531 flatibus

64 551 184 613 Solebat
198 555 322 615 excitari
337 553 471 613 saltantis
485 553 578 630 ulgor.

105 636 177 698 Erat
191 638 323 698 facturus
337 636 422 697 ludos
437 635 558 716 quidam
572 636 692 722 nobilis.

63 720 101 781 vt
114 721 279 800 incipiebat
293 720 412 798 ingredi
425 720 584 800 Princeps,
601 739 670 781 eum

62 804 191 865 Adducit
203 806 301 884 pretio
315 804 473 884 precibus,
489 811 523 865 ut
536 804 740 865 tantummodo

61 887 131 967 Ipso
144 886 281 949 ludorum
297 889 467 949 ostenderet
480 906 546 950 sese
563 889 623 948 die.

63 971 121 1041 Qui
135 972 223 1033 simul
238 972 370 1042 advenit,
386 990 489 1033 rumor
504 972 540 1032 de
555 971 682 1032 tibicine

62 1054 177 1116 Fremit
190 1056 222 1116 in
235 1056 363 1116 theatro.
392 1055 519 1125 Quidam
534 1055 689 1117 adfirmant
703 1063 862 1129 mortuum,

62 1137 189 1209 Quidam
203 1141 235 1200 in
251 1146 442 1219 conspectum
457 1138 646 1219 proditurum
661 1141 727 1201 elne
741 1159 835 1202 mors.

62 1224 174 1284 Aulaeo
189 1224 295 1295 misso,
311 1224 456 1284 devolutis
471 1223 632 1285 tonitribus

62 1305 99 1367 bi
114 1313 183 1367 sunt
197 1306 288 1367 locuti
303 1325 385 1367 more
400 1308 593 1368 translaticio.

62 1390 147 1450 'lunc
161 1391 271 1452 chorus
284 1393 419 1468 ignotum
434 1391 520 1452 modo
534 1393 659 1453 reducto
674 1394 822 1454 canticum

62 1472 211 1544 Insonuit,
227 1475 313 1535 cuius
326 1474 399 1535 haec
413 1476 472 1536 luit
486 1478 648 1535 sententIa:

62 1557 226 1628 „Laetare
242 1556 399 1619 incolumis
412 1557 519 1628 Roma,
536 1558 615 1619 salvo
629 1558 782 1639 Principe!
791 1567 810 1592 “

62 1641 96 1700 ln
110 1640 231 1719 plausus
244 1647 468 1702 consurrectum
483 1646 538 1702 est.
568 1640 661 1702 lactat
676 1641 760 1704 basia

62 1723 204 1795 Tibicen;
220 1724 364 1802 gratulari
377 1725 511 1787 lautores
524 1733 619 1805 putat.

62 1808 209 1887 Equester
223 1808 297 1869 ordo
311 1808 435 1870 stultum
450 1827 584 1870 errorem
599 1809 747 1888 intellegit

63 1891 227 1971 Magnoque
241 1893 305 1953 risu
320 1894 469 1954 canticum
482 1896 580 1972 repeti
595 1893 689 1954 iubet.

62 1974 192 2035 Iteratur
205 1975 289 2036 illud.
319 1974 413 2037 Homo
428 1995 512 2037 mens
527 1996 559 2038 se
574 1979 606 2037 in
620 1977 736 2058 pulplto

63 2057 172 2117 Totum
186 2059 357 2136 prosternit.
386 2058 504 2120 Plaudit
518 2060 657 2121 inludens
671 2079 773 2139 eques.

61 2140 177 2218 Rogare
192 2140 319 2220 populus
332 2141 412 2202 lrunc
429 2159 569 2202 coronam
585 2145 746 2206 existimat.

61 2225 100 2284 Vt
115 2241 185 2285 vero
200 2226 303 2284 cuneis
317 2226 415 2285 notnIt
427 2243 478 2286 res
492 2224 639 2296 omnibus,

62 2308 220 2387 Princeps,
236 2307 327 2385 ligato
339 2326 426 2369 crure
441 2311 528 2370 nivea
542 2309 644 2379 lasela,

62 2391 222 2470 Niveisque
236 2392 361 2462 tunicis,
376 2394 472 2453 niveis
487 2394 577 2453 etiam
591 2393 706 2465 calceis,

63 2474 248 2555 Superbiens
260 2475 374 2536 bonore
389 2476 505 2536 divinae
521 2476 634 2547 domus,

63 2558 107 2622 db
122 2560 270 2620 universis
284 2562 381 2638 capite
397 2566 444 2621 est
456 2567 614 2638 protrusus
631 2561 721 2623 lorus.

391 2745 584 2806 FABVLA
605 2747 691 2808 VIII.

451 2860 632 2912 ἚΕΜΡἾΒ.

104 2977 199 3038 Cursu
213 2977 341 3046 volucri,
356 2977 491 3055 pendens
505 2979 537 3039 in
553 2979 703 3050 novacula,

61 3059 181 3129 Calvus,
196 3077 314 3120 comosa
329 3060 442 3131 lronte,
458 3061 538 3121 nudo
553 3063 700 3140 occipitio,

62 3140 166 3220 (Quem
181 3145 207 3203 si
221 3145 392 3222 occuparis,
408 3152 526 3214 teneas;
543 3145 675 3224 elapsum
691 3145 782 3207 semel

60 3226 127 3287 Non
142 3229 206 3305 ipse
220 3231 314 3306 possIt
327 3227 462 3307 Iuppiter
476 3228 719 3310 reprehendere)

61 3308 256 3371 Occasionem
268 3329 370 3371 rerum
385 3314 532 3390 signifieat
546 3312 676 3374 brevem.

102 3392 232 3455 Effectus
247 3394 397 3473 inpediret
411 3414 449 3456 ne
465 3399 565 3474 segnis
580 3415 673 3467 mora,

61 3476 190 3538 Finxere
205 3479 319 3558 antiqui
333 3478 422 3540 talem
437 3481 566 3558 effigiem
580 3480 747 3561 Temporis.

111 3591 266 3632 snasnnvs.
798 3578 819 3645 4
