2362 3854
506 214 614 271 LIBER
633 215 669 272 V.

396 496 539 559 LIBER
561 497 782 569 QVINTVS.

447 631 558 682 runnu
575 614 725 682 forium

149 733 258 813 Aesopi
272 751 379 794 nomen
395 733 492 794 sicubi
507 735 726 813 interposuero,

107 818 161 880 Cui
175 817 294 878 reddidi
309 820 368 878 iam
382 817 501 896 pridem
515 818 655 897 quioquid
670 815 771 887 debui,

106 903 298 964 Auctoritatis
313 919 379 961 esse
394 902 469 962 scito
484 905 593 979 gratia:

105 984 143 1044 Vt
157 984 277 1065 quidam
292 985 421 1046 artifices
436 992 538 1046 nostro
552 986 665 1046 faciunt
680 982 789 1053 seculo,

106 1069 164 1140 Qui
178 1071 309 1148 pretium
324 1068 465 1148 operibus
479 1070 574 1129 maius
589 1070 759 1136 inveniunt,
776 1084 849 1127 novo
1050 1072 1069 1125 5

108 1153 140 1214 Si
155 1155 297 1212 marmori
312 1153 535 1232 adscripserunt
549 1151 717 1213 Praxitelen
732 1169 796 1220 suo,

107 1236 191 1297 'frito
206 1236 358 1315 Myronem
374 1244 511 1314 argento,
527 1236 645 1297 tabulae
661 1235 830 1296 Zeuxidem.

108 1320 189 1382 Adeo
203 1321 319 1382 fucatae
334 1320 401 1400 plus
415 1322 554 1381 vetustati
568 1322 645 1382 favet

107 1403 221 1464 Invidia
235 1403 358 1463 mordax
373 1423 461 1482 quam
476 1404 563 1479 bonis
577 1402 796 1482 praesentibus.

109 1487 167 1548 Sed
182 1489 241 1548 iam
256 1487 293 1548 ad
307 1487 445 1549 fabellam
460 1488 528 1549 talis
543 1487 672 1567 exempli
686 1488 779 1548 feror.

466 1705 658 1766 FABVLA
682 1703 709 1765 Ι.

118 1796 122 1805 '
161 1819 411 1872 nuncnunrvs
428 1821 518 1872 unx
535 1820 590 1871 nu
608 1789 851 1870 nuncnune
867 1800 1015 1872 rodun.

154 1939 157 1944 ·
234 1917 378 1982 Quomodo
396 1933 480 1987 saepe
496 1917 615 1972 falletur
630 1915 776 1972 hominum
792 1913 935 1971 iudIcium.

150 2039 334 2108 Demetrius,
350 2041 401 2118 qui
417 2039 515 2099 dictus
530 2047 576 2100 est
589 2038 758 2108 Phalereus,

108 2121 240 2183 Athenas
255 2123 409 2200 occupavit
423 2123 540 2200 Inperio
554 2121 692 2200 inprobo.

60 2202 63 2207 ’
108 2206 146 2267 Vt
159 2223 223 2265 mos
239 2212 284 2265 est
298 2204 392 2282 vulgi,
407 2207 519 2283 passim
535 2212 566 2264 et
580 2205 716 2264 certatim
730 2205 792 2265 ruit

110 2289 323 2360 „Feliciter!⁴‘
338 2287 532 2349 succlamans.
561 2287 623 2367 Ipsi
637 2289 790 2366 principes

108 2373 191 2434 Iliam
206 2371 392 2441 osculantur,
408 2390 466 2450 qua
481 2379 550 2433 sunt
563 2373 714 2451 oppressi,
730 2389 859 2443 manum,
1050 2376 1070 2429 5

109 2456 210 2517 'facite
225 2463 380 2533 gementes
394 2456 510 2517 tristem
524 2457 662 2517 fortunae
675 2456 782 2516 vicem.

109 2539 188 2610 Quin
203 2542 293 2600 etiam
310 2539 425 2600 resides
440 2547 470 2600 et
485 2540 644 2620 sequentes
658 2541 760 2609 otium,

109 2624 154 2684 Ne
170 2623 299 2685 defuisse
315 2632 434 2693 noceat,
449 2633 559 2703 repunt
573 2623 687 2693 ultimi;

109 2707 144 2768 In
159 2709 227 2786 quis
241 2707 417 2778 Menander,
433 2707 543 2769 nobilis
558 2707 730 2776 comoediis,

111 2790 189 2861 Quas
202 2793 301 2868 ipsum
315 2793 456 2868 ignorans
470 2792 583 2870 legerat
596 2791 763 2852 Demetrius

110 2875 148 2935 Et
163 2874 325 2934 admiratus
338 2876 603 2952 fueratingenium
617 2877 685 2945 viri,

110 2958 265 3034 Vnguento
280 2956 447 3025 delibutus,
462 2960 571 3018 vestitu
585 2957 690 3026 fluens,

111 3039 255 3102 Veniebat
270 3057 373 3117 gressu
388 3039 513 3101 delicato
529 3049 559 3101 et
572 3040 723 3117 languido.

110 3124 196 3184 Hunc
210 3122 263 3183 uhi
276 3131 418 3202 tyrannus
432 3124 507 3184 vidit
522 3131 656 3184 extremo
671 3123 803 3201 agmine:

112 3206 252 3277 Quisnam
267 3207 407 3268 cinaedus
421 3206 473 3268 ille
488 3210 520 3268 in
535 3215 724 3287 conspectum
738 3225 838 3269 meum
1036 3211 1071 3263 15

111 3290 207 3351 Audet
222 3290 341 3349 veniret
370 3290 597 3370 Responderunt
611 3294 753 3371 proximi:

112 3374 167 3434 Hic
183 3382 228 3434 est
242 3373 404 3434 Menander
418 3377 555 3455 scriptor.
585 3375 713 3436 Mutatus
728 3378 842 3437 statim:

112 3457 220 3529 Homo,
236 3459 348 3538 inquit,
364 3458 431 3518 fieri
445 3477 505 3520 non
519 3467 617 3539 potest
631 3460 799 3520 formosior.
