<?xml version="1.0" encoding="UTF-8"?>
<!DOCTYPE html PUBLIC "-//W3C//DTD XHTML 1.0 Transitional//EN"
    "http://www.w3.org/TR/xhtml1/DTD/xhtml1-transitional.dtd">
<html xmlns="http://www.w3.org/1999/xhtml" xml:lang="en" lang="en">
 <head>
  <title>
</title>
<meta http-equiv="Content-Type" content="text/html;charset=utf-8" />
  <meta name='ocr-system' content='tesseract 3.04.00' />
  <meta name='ocr-capabilities' content='ocr_page ocr_carea ocr_par ocr_line ocrx_word'/>
</head>
<body>
  <div class='ocr_page' id='page_1' title='image "./phaedriavgvstil00phaegoog_0062.png"; bbox 0 0 2362 3854; ppageno 0'>
   <div class='ocr_carea' id='block_1_1' title="bbox 494 191 670 253">
    <p class='ocr_par' dir='ltr' id='par_1_1' title="bbox 494 191 670 253">
     <span class='ocr_line' id='line_1_1' title="bbox 494 191 670 253; baseline 0.006 -1"><span class='ocrx_word' id='word_1_1' title='bbox 494 191 602 252; x_wconf 78' lang='lat' dir='ltr'>LIBER</span> <span class='ocrx_word' id='word_1_2' title='bbox 621 195 670 253; x_wconf 84' lang='lat' dir='ltr'><strong>IV.</strong></span> 
     </span>
    </p>
   </div>
   <div class='ocr_carea' id='block_1_2' title="bbox 75 343 879 2352">
    <p class='ocr_par' dir='ltr' id='par_1_2' title="bbox 103 343 792 425">
     <span class='ocr_line' id='line_1_2' title="bbox 103 343 792 425; baseline -0.001 -18"><span class='ocrx_word' id='word_1_3' title='bbox 103 345 243 407; x_wconf 87' lang='lat' dir='ltr'><strong>Pervenit</strong></span> <span class='ocrx_word' id='word_1_4' title='bbox 258 347 294 406; x_wconf 90' lang='lat' dir='ltr'><strong>ad</strong></span> <span class='ocrx_word' id='word_1_5' title='bbox 310 343 448 406; x_wconf 90' lang='lat' dir='ltr'><strong>draconis</strong></span> <span class='ocrx_word' id='word_1_6' title='bbox 462 345 633 425; x_wconf 83' lang='lat' dir='ltr'>speluncam</span> <span class='ocrx_word' id='word_1_7' title='bbox 647 345 792 416; x_wconf 90' lang='lat' dir='ltr'><strong>intimam,</strong></span> 
     </span>
    </p>

    <p class='ocr_par' dir='ltr' id='par_1_3' title="bbox 104 427 673 509">
     <span class='ocr_line' id='line_1_3' title="bbox 104 427 673 509; baseline -0.002 -18"><span class='ocrx_word' id='word_1_8' title='bbox 104 427 297 492; x_wconf 79' lang='lat' dir='ltr'><strong>Custodiebat</strong></span> <span class='ocrx_word' id='word_1_9' title='bbox 311 432 362 509; x_wconf 96' lang='lat' dir='ltr'><strong>qui</strong></span> <span class='ocrx_word' id='word_1_10' title='bbox 376 430 533 490; x_wconf 85' lang='lat' dir='ltr'><strong>thesauros</strong></span> <span class='ocrx_word' id='word_1_11' title='bbox 547 428 673 490; x_wconf 92' lang='lat' dir='ltr'><strong>abditos.</strong></span> 
     </span>
    </p>

    <p class='ocr_par' dir='ltr' id='par_1_4' title="bbox 103 512 816 592">
     <span class='ocr_line' id='line_1_4' title="bbox 103 512 816 592; baseline -0.001 -17"><span class='ocrx_word' id='word_1_12' title='bbox 103 514 190 575; x_wconf 91' lang='lat' dir='ltr'><strong>Hunc</strong></span> <span class='ocrx_word' id='word_1_13' title='bbox 204 514 293 574; x_wconf 91' lang='lat' dir='ltr'><strong>simul</strong></span> <span class='ocrx_word' id='word_1_14' title='bbox 307 515 439 592; x_wconf 83' lang='lat' dir='ltr'><strong>aspexit.</strong></span> <span class='ocrx_word' id='word_1_15' title='bbox 469 512 543 583; x_wconf 85' lang='lat' dir='ltr'><strong>Oro,</strong></span> <span class='ocrx_word' id='word_1_16' title='bbox 559 524 593 574; x_wconf 89' lang='lat' dir='ltr'><strong>ut</strong></span> <span class='ocrx_word' id='word_1_17' title='bbox 607 513 816 592; x_wconf 88' lang='lat' dir='ltr'><strong>inprudentiae</strong></span> 
     </span>
    </p>

    <p class='ocr_par' dir='ltr' id='par_1_5' title="bbox 104 596 863 677">
     <span class='ocr_line' id='line_1_5' title="bbox 104 596 863 677; baseline 0 -19"><span class='ocrx_word' id='word_1_18' title='bbox 104 598 163 659; x_wconf 86' lang='lat' dir='ltr'><strong>Des</strong></span> <span class='ocrx_word' id='word_1_19' title='bbox 177 599 307 677; x_wconf 91' lang='lat' dir='ltr'><strong>primum</strong></span> <span class='ocrx_word' id='word_1_20' title='bbox 320 599 453 665; x_wconf 78' lang='lat' dir='ltr'><strong>reniam:</strong></span> <span class='ocrx_word' id='word_1_21' title='bbox 468 596 577 658; x_wconf 89' lang='lat' dir='ltr'><strong>deinde</strong></span> <span class='ocrx_word' id='word_1_22' title='bbox 592 599 618 677; x_wconf 87' lang='lat' dir='ltr'><strong>si</strong></span> <span class='ocrx_word' id='word_1_23' title='bbox 633 597 756 676; x_wconf 83' lang='lat' dir='ltr'><strong>pulchre</strong></span> <span class='ocrx_word' id='word_1_24' title='bbox 771 596 863 668; x_wconf 84' lang='lat' dir='ltr'><strong>vides,</strong></span> 
     </span>
    </p>

    <p class='ocr_par' dir='ltr' id='par_1_6' title="bbox 104 680 836 752">
     <span class='ocr_line' id='line_1_6' title="bbox 104 680 836 752; baseline -0.001 -10"><span class='ocrx_word' id='word_1_25' title='bbox 104 681 199 752; x_wconf 85' lang='lat' dir='ltr'><strong>Quam</strong></span> <span class='ocrx_word' id='word_1_26' title='bbox 212 699 272 742; x_wconf 92' lang='lat' dir='ltr'><strong>non</strong></span> <span class='ocrx_word' id='word_1_27' title='bbox 287 682 465 741; x_wconf 85' lang='lat' dir='ltr'><strong>conveniens</strong></span> <span class='ocrx_word' id='word_1_28' title='bbox 479 699 585 742; x_wconf 91' lang='lat' dir='ltr'><strong>aurum</strong></span> <span class='ocrx_word' id='word_1_29' title='bbox 599 680 637 743; x_wconf 87' lang='lat' dir='ltr'><strong>sit</strong></span> <span class='ocrx_word' id='word_1_30' title='bbox 650 683 728 742; x_wconf 83' lang='lat' dir='ltr'><strong>vitae</strong></span> <span class='ocrx_word' id='word_1_31' title='bbox 742 699 836 752; x_wconf 91' lang='lat' dir='ltr'><strong>meae,</strong></span> 
     </span>
    </p>

    <p class='ocr_par' dir='ltr' id='par_1_7' title="bbox 104 762 848 845">
     <span class='ocr_line' id='line_1_7' title="bbox 104 762 848 845; baseline -0.003 -18"><span class='ocrx_word' id='word_1_32' title='bbox 104 765 295 845; x_wconf 87' lang='lat' dir='ltr'><strong>Respondeas</strong></span> <span class='ocrx_word' id='word_1_33' title='bbox 309 765 483 825; x_wconf 90' lang='lat' dir='ltr'><strong>clementer.</strong></span> <span class='ocrx_word' id='word_1_34' title='bbox 511 762 606 834; x_wconf 84' lang='lat' dir='ltr'><strong>Quem</strong></span> <span class='ocrx_word' id='word_1_35' title='bbox 620 765 751 825; x_wconf 89' lang='lat' dir='ltr'><strong>lruotum</strong></span> <span class='ocrx_word' id='word_1_36' title='bbox 767 766 848 843; x_wconf 91' lang='lat' dir='ltr'><strong>capis</strong></span> 
     </span>
    </p>

    <p class='ocr_par' dir='ltr' id='par_1_8' title="bbox 104 847 860 928">
     <span class='ocr_line' id='line_1_8' title="bbox 104 847 860 928; baseline -0.003 -17"><span class='ocrx_word' id='word_1_37' title='bbox 104 849 168 911; x_wconf 87' lang='lat' dir='ltr'><strong>Hoc</strong></span> <span class='ocrx_word' id='word_1_38' title='bbox 182 867 219 910; x_wconf 84' lang='lat' dir='ltr'><strong>ex</strong></span> <span class='ocrx_word' id='word_1_39' title='bbox 233 847 349 918; x_wconf 88' lang='lat' dir='ltr'><strong>labore,</strong></span> <span class='ocrx_word' id='word_1_40' title='bbox 365 848 479 927; x_wconf 86' lang='lat' dir='ltr'><strong>quodve</strong></span> <span class='ocrx_word' id='word_1_41' title='bbox 493 855 609 910; x_wconf 92' lang='lat' dir='ltr'><strong>tantum</strong></span> <span class='ocrx_word' id='word_1_42' title='bbox 624 858 671 910; x_wconf 89' lang='lat' dir='ltr'><strong>est</strong></span> <span class='ocrx_word' id='word_1_43' title='bbox 685 850 860 928; x_wconf 89' lang='lat' dir='ltr'><strong>praemium,</strong></span> 
     </span>
    </p>

    <p class='ocr_par' dir='ltr' id='par_1_9' title="bbox 104 931 868 1009">
     <span class='ocr_line' id='line_1_9' title="bbox 104 931 868 1009; baseline -0.001 -18"><span class='ocrx_word' id='word_1_44' title='bbox 104 933 142 993; x_wconf 91' lang='lat' dir='ltr'><strong>Vt</strong></span> <span class='ocrx_word' id='word_1_45' title='bbox 156 950 257 994; x_wconf 90' lang='lat' dir='ltr'><strong>careas</strong></span> <span class='ocrx_word' id='word_1_46' title='bbox 271 949 374 993; x_wconf 91' lang='lat' dir='ltr'><strong>somno</strong></span> <span class='ocrx_word' id='word_1_47' title='bbox 389 940 419 992; x_wconf 91' lang='lat' dir='ltr'><strong>et</strong></span> <span class='ocrx_word' id='word_1_48' title='bbox 433 949 537 992; x_wconf 85' lang='lat' dir='ltr'><strong>aevum</strong></span> <span class='ocrx_word' id='word_1_49' title='bbox 552 934 584 993; x_wconf 92' lang='lat' dir='ltr'><strong>iu</strong></span> <span class='ocrx_word' id='word_1_50' title='bbox 599 931 733 993; x_wconf 91' lang='lat' dir='ltr'><strong>tenebris</strong></span> <span class='ocrx_word' id='word_1_51' title='bbox 747 932 868 1009; x_wconf 70' lang='lat' dir='ltr'><strong>exigas?</strong></span> 
     </span>
    </p>

    <p class='ocr_par' dir='ltr' id='par_1_10' title="bbox 105 1015 879 1094">
     <span class='ocr_line' id='line_1_10' title="bbox 105 1015 879 1094; baseline -0.001 -17"><span class='ocrx_word' id='word_1_52' title='bbox 105 1016 242 1087; x_wconf 87' lang='lat' dir='ltr'><strong>Nullum,</strong></span> <span class='ocrx_word' id='word_1_53' title='bbox 259 1017 358 1094; x_wconf 90' lang='lat' dir='ltr'><strong>inquit</strong></span> <span class='ocrx_word' id='word_1_54' title='bbox 371 1015 438 1087; x_wconf 89' lang='lat' dir='ltr'><strong>ille,</strong></span> <span class='ocrx_word' id='word_1_55' title='bbox 454 1033 557 1076; x_wconf 87' lang='lat' dir='ltr'><strong>verum</strong></span> <span class='ocrx_word' id='word_1_56' title='bbox 571 1016 628 1077; x_wconf 93' lang='lat' dir='ltr'><strong>hoc</strong></span> <span class='ocrx_word' id='word_1_57' title='bbox 643 1034 660 1076; x_wconf 94' lang='lat' dir='ltr'><strong>a</strong></span> <span class='ocrx_word' id='word_1_58' title='bbox 674 1034 789 1076; x_wconf 87' lang='lat' dir='ltr'><strong>summo</strong></span> <span class='ocrx_word' id='word_1_59' title='bbox 803 1015 879 1076; x_wconf 90' lang='lat' dir='ltr'><strong>mibi</strong></span> 
     </span>
    </p>

    <p class='ocr_par' dir='ltr' id='par_1_11' title="bbox 105 1098 799 1177">
     <span class='ocr_line' id='line_1_11' title="bbox 105 1098 799 1177; baseline -0.003 -16"><span class='ocrx_word' id='word_1_60' title='bbox 105 1101 173 1162; x_wconf 87' lang='lat' dir='ltr'><strong>love</strong></span> <span class='ocrx_word' id='word_1_61' title='bbox 189 1099 370 1161; x_wconf 90' lang='lat' dir='ltr'><strong>adtributum</strong></span> <span class='ocrx_word' id='word_1_62' title='bbox 385 1105 441 1160; x_wconf 88' lang='lat' dir='ltr'><strong>est.</strong></span> <span class='ocrx_word' id='word_1_63' title='bbox 471 1098 550 1177; x_wconf 83' lang='lat' dir='ltr'><strong>Ergo</strong></span> <span class='ocrx_word' id='word_1_64' title='bbox 564 1117 621 1160; x_wconf 90' lang='lat' dir='ltr'><strong>nec</strong></span> <span class='ocrx_word' id='word_1_65' title='bbox 635 1101 728 1160; x_wconf 92' lang='lat' dir='ltr'><strong>sumis</strong></span> <span class='ocrx_word' id='word_1_66' title='bbox 741 1098 799 1159; x_wconf 93' lang='lat' dir='ltr'><strong>tibi</strong></span> 
     </span>
    </p>

    <p class='ocr_par' dir='ltr' id='par_1_12' title="bbox 106 1182 818 1262">
     <span class='ocr_line' id='line_1_12' title="bbox 106 1182 818 1262; baseline -0.003 -16"><span class='ocrx_word' id='word_1_67' title='bbox 106 1185 168 1247; x_wconf 91' lang='lat' dir='ltr'><strong>Nec</strong></span> <span class='ocrx_word' id='word_1_68' title='bbox 182 1183 233 1244; x_wconf 90' lang='lat' dir='ltr'><strong>ulli</strong></span> <span class='ocrx_word' id='word_1_69' title='bbox 251 1183 342 1244; x_wconf 92' lang='lat' dir='ltr'><strong>donas</strong></span> <span class='ocrx_word' id='word_1_70' title='bbox 357 1183 533 1262; x_wconf 71' lang='lat' dir='ltr'><strong>quicquam?</strong></span> <span class='ocrx_word' id='word_1_71' title='bbox 563 1182 613 1244; x_wconf 91' lang='lat' dir='ltr'><strong>Sic</strong></span> <span class='ocrx_word' id='word_1_72' title='bbox 627 1184 696 1244; x_wconf 87' lang='lat' dir='ltr'><strong>latis</strong></span> <span class='ocrx_word' id='word_1_73' title='bbox 710 1183 818 1262; x_wconf 86' lang='lat' dir='ltr'><strong>placet.</strong></span> 
     </span>
    </p>

    <p class='ocr_par' dir='ltr' id='par_1_13' title="bbox 106 1267 633 1337">
     <span class='ocr_line' id='line_1_13' title="bbox 106 1267 633 1337; baseline -0.002 -8"><span class='ocrx_word' id='word_1_74' title='bbox 106 1267 179 1329; x_wconf 91' lang='lat' dir='ltr'><strong>Nolo</strong></span> <span class='ocrx_word' id='word_1_75' title='bbox 194 1269 347 1337; x_wconf 89' lang='lat' dir='ltr'><strong>irascaris,</strong></span> <span class='ocrx_word' id='word_1_76' title='bbox 363 1267 459 1328; x_wconf 88' lang='lat' dir='ltr'><strong>libere</strong></span> <span class='ocrx_word' id='word_1_77' title='bbox 475 1269 501 1328; x_wconf 93' lang='lat' dir='ltr'><strong>si</strong></span> <span class='ocrx_word' id='word_1_78' title='bbox 515 1267 633 1328; x_wconf 83' lang='lat' dir='ltr'><strong>dixero:</strong></span> 
     </span>
    </p>

    <p class='ocr_par' dir='ltr' id='par_1_14' title="bbox 105 1351 763 1515">
     <span class='ocr_line' id='line_1_14' title="bbox 105 1351 763 1431; baseline -0.002 -18"><span class='ocrx_word' id='word_1_79' title='bbox 105 1351 158 1413; x_wconf 85' lang='lat' dir='ltr'><strong>bis</strong></span> <span class='ocrx_word' id='word_1_80' title='bbox 172 1360 218 1412; x_wconf 89' lang='lat' dir='ltr'><strong>est</strong></span> <span class='ocrx_word' id='word_1_81' title='bbox 233 1353 318 1412; x_wconf 86' lang='lat' dir='ltr'><strong>iratis</strong></span> <span class='ocrx_word' id='word_1_82' title='bbox 333 1359 433 1422; x_wconf 89' lang='lat' dir='ltr'><strong>natus,</strong></span> <span class='ocrx_word' id='word_1_83' title='bbox 449 1353 500 1431; x_wconf 94' lang='lat' dir='ltr'><strong>qui</strong></span> <span class='ocrx_word' id='word_1_84' title='bbox 515 1357 561 1412; x_wconf 89' lang='lat' dir='ltr'><strong>est</strong></span> <span class='ocrx_word' id='word_1_85' title='bbox 575 1352 682 1412; x_wconf 89' lang='lat' dir='ltr'><strong>similis</strong></span> <span class='ocrx_word' id='word_1_86' title='bbox 696 1351 763 1412; x_wconf 87' lang='lat' dir='ltr'><strong>tibi.</strong></span> 
     </span>
     <span class='ocr_line' id='line_1_15' title="bbox 148 1434 763 1515; baseline 0 -19"><span class='ocrx_word' id='word_1_87' title='bbox 148 1435 292 1497; x_wconf 77' lang='lat' dir='ltr'><strong>Abiturus</strong></span> <span class='ocrx_word' id='word_1_88' title='bbox 306 1434 389 1505; x_wconf 90' lang='lat' dir='ltr'><strong>illuc,</strong></span> <span class='ocrx_word' id='word_1_89' title='bbox 406 1453 464 1515; x_wconf 86' lang='lat' dir='ltr'><strong>quo</strong></span> <span class='ocrx_word' id='word_1_90' title='bbox 479 1437 599 1514; x_wconf 89' lang='lat' dir='ltr'><strong>priores</strong></span> <span class='ocrx_word' id='word_1_91' title='bbox 614 1435 763 1504; x_wconf 80' lang='lat' dir='ltr'><strong>abierunt,</strong></span> 
     </span>
    </p>

    <p class='ocr_par' dir='ltr' id='par_1_15' title="bbox 107 1518 864 1598">
     <span class='ocr_line' id='line_1_16' title="bbox 107 1518 864 1598; baseline -0.004 -17"><span class='ocrx_word' id='word_1_92' title='bbox 107 1518 183 1589; x_wconf 83' lang='lat' dir='ltr'><strong>Quid</strong></span> <span class='ocrx_word' id='word_1_93' title='bbox 198 1526 299 1580; x_wconf 89' lang='lat' dir='ltr'><strong>mente</strong></span> <span class='ocrx_word' id='word_1_94' title='bbox 314 1536 402 1579; x_wconf 89' lang='lat' dir='ltr'><strong>caeca</strong></span> <span class='ocrx_word' id='word_1_95' title='bbox 416 1521 558 1578; x_wconf 88' lang='lat' dir='ltr'><strong>miserum</strong></span> <span class='ocrx_word' id='word_1_96' title='bbox 570 1527 693 1597; x_wconf 90' lang='lat' dir='ltr'><strong>torques</strong></span> <span class='ocrx_word' id='word_1_97' title='bbox 706 1518 864 1598; x_wconf 75' lang='lat' dir='ltr'><strong>spiritum?</strong></span> 
     </span>
    </p>

    <p class='ocr_par' dir='ltr' id='par_1_16' title="bbox 107 1602 752 1685">
     <span class='ocr_line' id='line_1_17' title="bbox 107 1602 752 1685; baseline -0.003 -21"><span class='ocrx_word' id='word_1_98' title='bbox 107 1603 177 1664; x_wconf 88' lang='lat' dir='ltr'><strong>Tibi</strong></span> <span class='ocrx_word' id='word_1_99' title='bbox 192 1603 274 1685; x_wconf 88' lang='lat' dir='ltr'><strong>dieo,</strong></span> <span class='ocrx_word' id='word_1_100' title='bbox 290 1620 391 1672; x_wconf 82' lang='lat' dir='ltr'><strong>avare,</strong></span> <span class='ocrx_word' id='word_1_101' title='bbox 407 1602 548 1679; x_wconf 90' lang='lat' dir='ltr'><strong>gaudium</strong></span> <span class='ocrx_word' id='word_1_102' title='bbox 561 1602 682 1662; x_wconf 91' lang='lat' dir='ltr'><strong>heredis</strong></span> <span class='ocrx_word' id='word_1_103' title='bbox 697 1605 752 1671; x_wconf 86' lang='lat' dir='ltr'><strong>tui,</strong></span> 
     </span>
    </p>

    <p class='ocr_par' dir='ltr' id='par_1_17' title="bbox 108 1685 786 1765">
     <span class='ocr_line' id='line_1_18' title="bbox 108 1685 786 1765; baseline -0.003 -18"><span class='ocrx_word' id='word_1_104' title='bbox 108 1685 164 1757; x_wconf 80' lang='lat' dir='ltr'><strong>oui</strong></span> <span class='ocrx_word' id='word_1_105' title='bbox 179 1694 246 1747; x_wconf 91' lang='lat' dir='ltr'><strong>ture</strong></span> <span class='ocrx_word' id='word_1_106' title='bbox 262 1703 400 1765; x_wconf 88' lang='lat' dir='ltr'><strong>superos,</strong></span> <span class='ocrx_word' id='word_1_107' title='bbox 416 1687 515 1765; x_wconf 93' lang='lat' dir='ltr'><strong>ipsum</strong></span> <span class='ocrx_word' id='word_1_108' title='bbox 529 1693 560 1746; x_wconf 98' lang='lat' dir='ltr'><strong>te</strong></span> <span class='ocrx_word' id='word_1_109' title='bbox 574 1685 694 1747; x_wconf 76' lang='lat' dir='ltr'><strong>fraudas</strong></span> <span class='ocrx_word' id='word_1_110' title='bbox 709 1685 786 1755; x_wconf 91' lang='lat' dir='ltr'><strong>cibo,</strong></span> 
     </span>
    </p>

    <p class='ocr_par' dir='ltr' id='par_1_18' title="bbox 108 1769 807 1841">
     <span class='ocr_line' id='line_1_19' title="bbox 108 1769 807 1841; baseline -0.003 -10"><span class='ocrx_word' id='word_1_111' title='bbox 108 1769 165 1841; x_wconf 87' lang='lat' dir='ltr'><strong>Qui</strong></span> <span class='ocrx_word' id='word_1_112' title='bbox 177 1771 273 1831; x_wconf 92' lang='lat' dir='ltr'><strong>tristis</strong></span> <span class='ocrx_word' id='word_1_113' title='bbox 288 1770 373 1830; x_wconf 92' lang='lat' dir='ltr'><strong>audis</strong></span> <span class='ocrx_word' id='word_1_114' title='bbox 387 1770 534 1830; x_wconf 90' lang='lat' dir='ltr'><strong>musicum</strong></span> <span class='ocrx_word' id='word_1_115' title='bbox 548 1770 679 1830; x_wconf 90' lang='lat' dir='ltr'><strong>citharae</strong></span> <span class='ocrx_word' id='word_1_116' title='bbox 694 1786 807 1840; x_wconf 85' lang='lat' dir='ltr'><strong>sonum,</strong></span> 
     </span>
    </p>

    <p class='ocr_par' dir='ltr' id='par_1_19' title="bbox 108 1853 693 1925">
     <span class='ocr_line' id='line_1_20' title="bbox 108 1853 693 1925; baseline -0.003 -10"><span class='ocrx_word' id='word_1_117' title='bbox 108 1853 203 1925; x_wconf 84' lang='lat' dir='ltr'><strong>Quem</strong></span> <span class='ocrx_word' id='word_1_118' title='bbox 216 1854 358 1915; x_wconf 91' lang='lat' dir='ltr'><strong>tibiarum</strong></span> <span class='ocrx_word' id='word_1_119' title='bbox 371 1861 502 1915; x_wconf 89' lang='lat' dir='ltr'><strong>macerat</strong></span> <span class='ocrx_word' id='word_1_120' title='bbox 515 1853 693 1923; x_wconf 88' lang='lat' dir='ltr'><strong>iucunditas,</strong></span> 
     </span>
    </p>

    <p class='ocr_par' dir='ltr' id='par_1_20' title="bbox 110 1936 837 2018">
     <span class='ocr_line' id='line_1_21' title="bbox 110 1936 837 2018; baseline -0.003 -19"><span class='ocrx_word' id='word_1_121' title='bbox 110 1936 309 2018; x_wconf 87' lang='lat' dir='ltr'><strong>Opsoniorum</strong></span> <span class='ocrx_word' id='word_1_122' title='bbox 324 1940 420 2016; x_wconf 86' lang='lat' dir='ltr'><strong>pretia</strong></span> <span class='ocrx_word' id='word_1_123' title='bbox 434 1939 483 1998; x_wconf 90' lang='lat' dir='ltr'><strong>oui</strong></span> <span class='ocrx_word' id='word_1_124' title='bbox 498 1940 642 2015; x_wconf 78' lang='lat' dir='ltr'><strong>gemitum</strong></span> <span class='ocrx_word' id='word_1_125' title='bbox 657 1938 837 2017; x_wconf 85' lang='lat' dir='ltr'><strong>exprimunt,</strong></span> 
     </span>
    </p>

    <p class='ocr_par' dir='ltr' id='par_1_21' title="bbox 110 2020 851 2102">
     <span class='ocr_line' id='line_1_22' title="bbox 110 2020 851 2102; baseline -0.003 -20"><span class='ocrx_word' id='word_1_126' title='bbox 110 2020 166 2092; x_wconf 81' lang='lat' dir='ltr'><strong>our</strong></span> <span class='ocrx_word' id='word_1_127' title='bbox 181 2022 251 2083; x_wconf 91' lang='lat' dir='ltr'><strong>dum</strong></span> <span class='ocrx_word' id='word_1_128' title='bbox 266 2021 445 2101; x_wconf 89' lang='lat' dir='ltr'><strong>quadrantes</strong></span> <span class='ocrx_word' id='word_1_129' title='bbox 459 2038 583 2099; x_wconf 79' lang='lat' dir='ltr'><strong>aggeras</strong></span> <span class='ocrx_word' id='word_1_130' title='bbox 596 2022 777 2100; x_wconf 90' lang='lat' dir='ltr'><strong>patrimonio</strong></span> <span class='ocrx_word' id='word_1_131' title='bbox 848 2097 851 2102; x_wconf 9' lang='grc' dir='ltr'><em>Α</em></span> 
     </span>
    </p>

    <p class='ocr_par' dir='ltr' id='par_1_22' title="bbox 111 2105 644 2183">
     <span class='ocr_line' id='line_1_23' title="bbox 111 2105 644 2183; baseline -0.006 -16"><span class='ocrx_word' id='word_1_132' title='bbox 111 2105 233 2167; x_wconf 84' lang='lat' dir='ltr'><strong>Caelum</strong></span> <span class='ocrx_word' id='word_1_133' title='bbox 247 2105 354 2182; x_wconf 90' lang='lat' dir='ltr'><strong>latigas</strong></span> <span class='ocrx_word' id='word_1_134' title='bbox 368 2105 488 2165; x_wconf 87' lang='lat' dir='ltr'><strong>sordido</strong></span> <span class='ocrx_word' id='word_1_135' title='bbox 502 2107 644 2183; x_wconf 88' lang='lat' dir='ltr'><strong>periurio,</strong></span> 
     </span>
    </p>

    <p class='ocr_par' dir='ltr' id='par_1_23' title="bbox 110 2187 798 2269">
     <span class='ocr_line' id='line_1_24' title="bbox 110 2187 798 2269; baseline -0.003 -19"><span class='ocrx_word' id='word_1_136' title='bbox 110 2187 166 2259; x_wconf 84' lang='lat' dir='ltr'><strong>Qui</strong></span> <span class='ocrx_word' id='word_1_137' title='bbox 181 2188 371 2249; x_wconf 81' lang='lat' dir='ltr'><strong>circumcidis</strong></span> <span class='ocrx_word' id='word_1_138' title='bbox 387 2205 504 2269; x_wconf 86' lang='lat' dir='ltr'><strong>omnem</strong></span> <span class='ocrx_word' id='word_1_139' title='bbox 517 2190 674 2267; x_wconf 89' lang='lat' dir='ltr'><strong>inpensam</strong></span> <span class='ocrx_word' id='word_1_140' title='bbox 688 2188 798 2258; x_wconf 80' lang='lat' dir='ltr'><strong>funeri,</strong></span> 
     </span>
    </p>

    <p class='ocr_par' dir='ltr' id='par_1_24' title="bbox 75 2270 688 2352">
     <span class='ocr_line' id='line_1_25' title="bbox 75 2270 688 2352; baseline -0.005 -17"><span class='ocrx_word' id='word_1_141' title='bbox 75 2290 80 2295; x_wconf 84' lang='lat'><em>·</em></span> <span class='ocrx_word' id='word_1_142' title='bbox 111 2271 242 2334; x_wconf 88' lang='lat' dir='ltr'><strong>Libitina</strong></span> <span class='ocrx_word' id='word_1_143' title='bbox 256 2271 366 2352; x_wconf 91' lang='lat' dir='ltr'><strong>nequid</strong></span> <span class='ocrx_word' id='word_1_144' title='bbox 381 2272 417 2331; x_wconf 91' lang='lat' dir='ltr'><strong>de</strong></span> <span class='ocrx_word' id='word_1_145' title='bbox 432 2280 483 2333; x_wconf 92' lang='lat' dir='ltr'><strong>tuo</strong></span> <span class='ocrx_word' id='word_1_146' title='bbox 497 2272 587 2332; x_wconf 85' lang='lat' dir='ltr'><strong>iaciat</strong></span> <span class='ocrx_word' id='word_1_147' title='bbox 600 2270 688 2332; x_wconf 86' lang='lat' dir='ltr'><strong>lucri.</strong></span> 
     </span>
    </p>
   </div>
   <div class='ocr_carea' id='block_1_3' title="bbox 411 2524 822 2690">
    <p class='ocr_par' dir='ltr' id='par_1_25' title="bbox 411 2524 822 2690">
     <span class='ocr_line' id='line_1_26' title="bbox 446 2524 822 2607; baseline 0 -23"><span class='ocrx_word' id='word_1_148' title='bbox 446 2524 738 2584; x_wconf 72' lang='lat' dir='ltr'><strong>rosunum.</strong></span> <span class='ocrx_word' id='word_1_149' title='bbox 818 2600 822 2607; x_wconf 89' lang='lat'><em>.</em></span> 
     </span>
     <span class='ocr_line' id='line_1_27' title="bbox 411 2636 774 2690; baseline 0 0"><span class='ocrx_word' id='word_1_150' title='bbox 411 2636 774 2690; x_wconf 69' lang='lat' dir='ltr'><strong>PHAEDR&#39;VS.</strong></span> 
     </span>
    </p>
   </div>
   <div class='ocr_carea' id='block_1_4' title="bbox 48 2754 863 3506">
    <p class='ocr_par' dir='ltr' id='par_1_26' title="bbox 48 2754 863 3506">
     <span class='ocr_line' id='line_1_28' title="bbox 167 2754 703 2836; baseline -0.002 -18"><span class='ocrx_word' id='word_1_151' title='bbox 167 2754 230 2828; x_wconf 79' lang='lat' dir='ltr'><strong>Quo</strong></span> <span class='ocrx_word' id='word_1_152' title='bbox 246 2756 378 2820; x_wconf 90' lang='lat' dir='ltr'><strong>iudicare</strong></span> <span class='ocrx_word' id='word_1_153' title='bbox 394 2760 503 2836; x_wconf 81' lang='lat' dir='ltr'><strong>cogitet</strong></span> <span class='ocrx_word' id='word_1_154' title='bbox 517 2759 592 2820; x_wconf 89' lang='lat' dir='ltr'><strong>livor</strong></span> <span class='ocrx_word' id='word_1_155' title='bbox 607 2757 703 2826; x_wconf 89' lang='lat' dir='ltr'><strong>modo,</strong></span> 
     </span>
     <span class='ocr_line' id='line_1_29' title="bbox 113 2839 812 2921; baseline -0.003 -19"><span class='ocrx_word' id='word_1_156' title='bbox 113 2841 197 2902; x_wconf 87' lang='lat' dir='ltr'><strong>Licet</strong></span> <span class='ocrx_word' id='word_1_157' title='bbox 211 2842 392 2912; x_wconf 89' lang='lat' dir='ltr'><strong>dissimulet,</strong></span> <span class='ocrx_word' id='word_1_158' title='bbox 408 2842 532 2921; x_wconf 90' lang='lat' dir='ltr'><strong>pulchre</strong></span> <span class='ocrx_word' id='word_1_159' title='bbox 546 2849 646 2902; x_wconf 90' lang='lat' dir='ltr'><strong>tamen</strong></span> <span class='ocrx_word' id='word_1_160' title='bbox 660 2839 812 2916; x_wconf 83' lang='lat' dir='ltr'><strong>intellego.</strong></span> 
     </span>
     <span class='ocr_line' id='line_1_30' title="bbox 113 2923 776 3005; baseline -0.006 -19"><span class='ocrx_word' id='word_1_161' title='bbox 113 2923 260 3005; x_wconf 86' lang='lat' dir='ltr'><strong>Quicquid</strong></span> <span class='ocrx_word' id='word_1_162' title='bbox 274 2924 391 3004; x_wconf 87' lang='lat' dir='ltr'><strong>putabit</strong></span> <span class='ocrx_word' id='word_1_163' title='bbox 405 2942 471 2985; x_wconf 89' lang='lat' dir='ltr'><strong>esse</strong></span> <span class='ocrx_word' id='word_1_164' title='bbox 486 2926 609 3002; x_wconf 89' lang='lat' dir='ltr'><strong>dignum</strong></span> <span class='ocrx_word' id='word_1_165' title='bbox 623 2925 776 2992; x_wconf 89' lang='lat' dir='ltr'><strong>memoria,</strong></span> 
     </span>
     <span class='ocr_line' id='line_1_31' title="bbox 113 3007 734 3089; baseline -0.005 -20"><span class='ocrx_word' id='word_1_166' title='bbox 113 3011 221 3089; x_wconf 79' lang='lat' dir='ltr'><strong>Aesopi</strong></span> <span class='ocrx_word' id='word_1_167' title='bbox 237 3008 329 3079; x_wconf 91' lang='lat' dir='ltr'><strong>dicet;</strong></span> <span class='ocrx_word' id='word_1_168' title='bbox 344 3014 371 3073; x_wconf 90' lang='lat' dir='ltr'><strong>si</strong></span> <span class='ocrx_word' id='word_1_169' title='bbox 386 3008 458 3088; x_wconf 94' lang='lat' dir='ltr'><strong>quid</strong></span> <span class='ocrx_word' id='word_1_170' title='bbox 473 3010 571 3068; x_wconf 91' lang='lat' dir='ltr'><strong>minus</strong></span> <span class='ocrx_word' id='word_1_171' title='bbox 586 3007 734 3076; x_wconf 86' lang='lat' dir='ltr'><strong>adriserit,</strong></span> 
     </span>
     <span class='ocr_line' id='line_1_32' title="bbox 48 3092 759 3171; baseline -0.006 -17"><span class='ocrx_word' id='word_1_172' title='bbox 48 3125 49 3128; x_wconf 34' lang='lat'>¹</span> <span class='ocrx_word' id='word_1_173' title='bbox 114 3093 138 3154; x_wconf 83' lang='grc' dir='ltr'><strong>Α</strong></span> <span class='ocrx_word' id='word_1_174' title='bbox 152 3110 200 3153; x_wconf 88' lang='lat' dir='ltr'><strong>mc</strong></span> <span class='ocrx_word' id='word_1_175' title='bbox 215 3092 374 3153; x_wconf 88' lang='lat' dir='ltr'><strong>contendet</strong></span> <span class='ocrx_word' id='word_1_176' title='bbox 388 3093 490 3152; x_wconf 88' lang='lat' dir='ltr'><strong>fiotum</strong></span> <span class='ocrx_word' id='word_1_177' title='bbox 506 3093 609 3171; x_wconf 85' lang='lat' dir='ltr'><strong>quovis</strong></span> <span class='ocrx_word' id='word_1_178' title='bbox 624 3092 759 3170; x_wconf 83' lang='lat' dir='ltr'><strong>pignore.</strong></span> 
     </span>
     <span class='ocr_line' id='line_1_33' title="bbox 114 3174 823 3253; baseline -0.006 -16"><span class='ocrx_word' id='word_1_179' title='bbox 114 3174 208 3246; x_wconf 87' lang='lat' dir='ltr'><strong>Quem</strong></span> <span class='ocrx_word' id='word_1_180' title='bbox 222 3176 288 3236; x_wconf 88' lang='lat' dir='ltr'><strong>volo</strong></span> <span class='ocrx_word' id='word_1_181' title='bbox 302 3175 400 3236; x_wconf 86' lang='lat' dir='ltr'><strong>refelli</strong></span> <span class='ocrx_word' id='word_1_182' title='bbox 415 3177 475 3236; x_wconf 92' lang='lat' dir='ltr'><strong>iam</strong></span> <span class='ocrx_word' id='word_1_183' title='bbox 489 3192 569 3236; x_wconf 89' lang='lat' dir='ltr'><strong>nunc</strong></span> <span class='ocrx_word' id='word_1_184' title='bbox 583 3191 726 3253; x_wconf 91' lang='lat' dir='ltr'><strong>responso</strong></span> <span class='ocrx_word' id='word_1_185' title='bbox 741 3191 823 3234; x_wconf 84' lang='lat' dir='ltr'><strong>meo:</strong></span> 
     </span>
     <span class='ocr_line' id='line_1_34' title="bbox 115 3258 834 3339; baseline -0.004 -18"><span class='ocrx_word' id='word_1_186' title='bbox 115 3259 183 3321; x_wconf 89' lang='lat' dir='ltr'><strong>Sive</strong></span> <span class='ocrx_word' id='word_1_187' title='bbox 198 3259 255 3319; x_wconf 90' lang='lat' dir='ltr'><strong>hoo</strong></span> <span class='ocrx_word' id='word_1_188' title='bbox 270 3258 404 3339; x_wconf 90' lang='lat' dir='ltr'><strong>ineptum</strong></span> <span class='ocrx_word' id='word_1_189' title='bbox 419 3261 480 3320; x_wconf 87' lang='lat' dir='ltr'><strong>sive</strong></span> <span class='ocrx_word' id='word_1_190' title='bbox 491 3258 674 3320; x_wconf 89' lang='lat' dir='ltr'><strong>laudandum</strong></span> <span class='ocrx_word' id='word_1_191' title='bbox 689 3264 735 3319; x_wconf 92' lang='lat' dir='ltr'><strong>est</strong></span> <span class='ocrx_word' id='word_1_192' title='bbox 750 3275 834 3336; x_wconf 88' lang='lat' dir='ltr'><strong>opus,</strong></span> 
     </span>
     <span class='ocr_line' id='line_1_35' title="bbox 114 3341 695 3421; baseline 0.002 -19"><span class='ocrx_word' id='word_1_193' title='bbox 114 3341 230 3403; x_wconf 84' lang='lat' dir='ltr'><strong>invenit</strong></span> <span class='ocrx_word' id='word_1_194' title='bbox 244 3342 310 3411; x_wconf 90' lang='lat' dir='ltr'><strong>ille,</strong></span> <span class='ocrx_word' id='word_1_195' title='bbox 326 3350 427 3403; x_wconf 90' lang='lat' dir='ltr'><strong>nostra</strong></span> <span class='ocrx_word' id='word_1_196' title='bbox 440 3343 566 3421; x_wconf 86' lang='lat' dir='ltr'><strong>perfecit</strong></span> <span class='ocrx_word' id='word_1_197' title='bbox 580 3359 695 3403; x_wconf 91' lang='lat' dir='ltr'><strong>manus.</strong></span> 
     </span>
     <span class='ocr_line' id='line_1_36' title="bbox 117 3425 863 3506; baseline -0.003 -19"><span class='ocrx_word' id='word_1_198' title='bbox 117 3425 175 3489; x_wconf 84' lang='lat' dir='ltr'><strong>Sed</strong></span> <span class='ocrx_word' id='word_1_199' title='bbox 191 3442 391 3506; x_wconf 86' lang='lat' dir='ltr'><strong>exsequamur</strong></span> <span class='ocrx_word' id='word_1_200' title='bbox 403 3432 541 3505; x_wconf 88' lang='lat' dir='ltr'><strong>coeptum</strong></span> <span class='ocrx_word' id='word_1_201' title='bbox 554 3427 701 3506; x_wconf 92' lang='lat' dir='ltr'><strong>propositi</strong></span> <span class='ocrx_word' id='word_1_202' title='bbox 716 3425 863 3487; x_wconf 90' lang='lat' dir='ltr'><strong>ordinem.</strong></span> 
     </span>
    </p>
   </div>
   <div class='ocr_carea' id='block_1_5' title="bbox 0 0 1201 3854">
    <p class='ocr_par' dir='ltr' id='par_1_27' title="bbox 0 0 1201 3854">
     <span class='ocr_line' id='line_1_37' title="bbox 0 0 1201 3854; baseline 0 0"><span class='ocrx_word' id='word_1_203' title='bbox 0 0 1201 3854; x_wconf 95' lang='lat' dir='ltr'><strong> </strong></span> 
     </span>
    </p>
   </div>
  </div>
 </body>
</html>
