2362 3854
118 213 160 277 34
398 217 560 273 PHAEDRI
580 219 804 274 FABVLARVM

117 368 277 447 Postquam
291 375 466 446 consumpta
481 375 527 428 est
540 370 683 446 temporis
698 369 779 445 longi
794 387 888 440 mora,

117 451 180 512 Nec
194 453 363 512 testamenti
378 453 478 530 potuit
492 469 600 512 sensus
613 452 722 529 colligi,

117 535 220 596 Fidem
236 534 402 604 advocavit,
417 537 485 596 iure
500 535 649 613 neglecto,
665 535 785 614 paiens.
1047 547 1082 600 to

119 618 243 699 Seponit
256 619 397 679 moechae
412 625 539 689 vestem,
554 618 899 692 mundmn'muliebrem,

116 702 307 763 Lavationem
322 709 509 780 argenteam,
525 703 690 772 eunuchos,
707 702 840 780 glabros;

116 786 265 848 Lanificae
281 786 405 864 agellos,
420 804 544 866 pecora,
561 786 674 855 villam,
691 789 853 866 operarios,

117 872 227 941 Boves,
243 873 375 931 iumenta
390 876 421 930 et
435 872 666 930 instrumentmn
681 871 840 943 rusticum;

115 952 229 1015 Potrici
243 954 362 1033 plenam
377 956 508 1034 antiquis
522 954 697 1034 apothecam
712 954 802 1026 cadis,

115 1038 242 1099 Domum
255 1037 378 1118 politam
393 1044 424 1098 et
437 1038 580 1099 delicatos
594 1037 737 1098 hortulos.

116 1122 166 1182 Sic
181 1122 327 1182 destinata
344 1121 415 1182 dare
430 1140 499 1182 cum
513 1122 601 1183 vellet
616 1122 742 1198 singidis

115 1205 154 1266 Et
167 1204 347 1285 adprobaret
360 1205 501 1284 populus,
517 1208 569 1285 qui
583 1204 650 1265 illas
664 1211 796 1276 noverat,

114 1290 248 1368 Aesopus
262 1287 361 1349 media
376 1286 474 1348 subito
489 1291 521 1348 in
535 1286 624 1348 turba
639 1290 789 1350 constitit:

116 1374 140 1434 0
156 1375 181 1433 si
195 1378 331 1433 maneret
344 1371 464 1432 condito
479 1391 584 1433 sensus
597 1373 686 1451 patri,

115 1455 210 1526 Quam
224 1458 355 1534 graviter
368 1457 476 1526 ferret,
492 1455 571 1535 quod
585 1456 765 1517 voluntatem
779 1474 863 1519 snam

114 1541 310 1620 Interpretari
324 1558 384 1600 non
402 1542 569 1619 potuissent
581 1540 688 1602 Attici!

114 1625 244 1702 Rogatus
259 1624 367 1685 deinde
382 1623 470 1685 solvit
484 1641 618 1685 errorem
632 1625 774 1684 omnium.

114 1708 240 1769 Domum
255 1714 286 1768 et
300 1714 473 1768 ornamenta
488 1725 557 1768 oum
570 1710 704 1768 venustis
717 1707 844 1767 hortulis

114 1792 152 1852 Et
165 1794 233 1852 vina
247 1798 348 1852 vetera
363 1791 429 1851 date
443 1791 579 1852 lanificae
594 1793 740 1859 rusticae;

114 1876 248 1944 Vestem,
263 1877 403 1944 uniones,
419 1874 598 1953 pedisequos
613 1880 643 1934 et
657 1880 758 1934 cetera

114 1958 160 2020 llli
175 1959 341 2036 adsignate,
358 1959 448 2018 vitam
462 1976 537 2036 quae
552 1956 623 2018 luxu
636 1956 746 2027 trahit;

114 2044 222 2120 Agros,
237 2042 394 2121 villamque
409 2047 440 2101 et
453 2059 562 2121 pecora
576 2059 645 2103 cum
658 2039 828 2121 pastoribus

113 2126 226 2187 Donate
241 2126 391 2187 moechae.
420 2125 506 2186 Nulla
520 2127 632 2206 poterit
644 2127 772 2205 perpeti,

113 2210 151 2270 vt
164 2209 299 2271 moribus
313 2210 386 2290 qnid
401 2216 502 2270 teneat
516 2210 645 2270 alienum
660 2211 732 2269 suis.

113 2294 262 2355 Deformis
276 2293 387 2354 cultum
400 2293 521 2362 vendet,
537 2299 571 2354 ut
584 2295 685 2353 vinum
700 2299 801 2372 peretz

113 2380 208 2455 Agros
222 2376 333 2438 abiciet
347 2377 485 2446 moecha,
501 2384 536 2436 nt
549 2382 685 2438 ornatum
700 2382 798 2453 geren

114 2461 215 2522 Atilia
230 2460 362 2538 gaudens
376 2478 484 2540 pecore
500 2467 531 2520 et
544 2461 628 2521 lanae
644 2460 744 2521 dedita

113 2542 303 2623 Quacumque
318 2562 432 2605 summa
446 2544 544 2605 tradet
557 2545 692 2605 luxuriae
708 2543 838 2604 domum.

114 2627 163 2689 Sic
177 2628 256 2689 nulla
271 2625 450 2708 possidebit,
466 2627 545 2707 quod
559 2629 655 2688 luerit
668 2626 779 2707 datum,

112 2712 150 2773 Et
165 2712 274 2773 dictam
289 2713 378 2772 matri
393 2712 548 2772 conferent
561 2712 718 2791 pecuniam

112 2796 156 2857 Ex
170 2799 268 2876 pretio
282 2813 399 2865 rerum,
415 2812 489 2875 quas
502 2795 692 2855 vendiderint
705 2792 849 2871 singulae.

153 2878 198 2940 lta
212 2879 291 2959 quod
304 2879 466 2940 multorum
480 2881 558 2956 fugit
572 2877 803 2958 inprudentiam,

112 2961 205 3025 Vnius
218 2963 348 3025 hominis
362 2965 497 3043 repperit
511 2962 652 3024 sollertia.

461 3113 652 3175 FABVLA
673 3113 727 3172 VI.

223 3211 372 3262 PVGNA
388 3211 568 3263 MV'RIVM
583 3211 638 3262 ΕΤ
653 3208 960 3264 ΜἾΒΨΕΜΒἾΜ.

155 3297 228 3358 Cum
242 3298 313 3356 victi
327 3313 429 3356 mures
443 3296 637 3356 mustelarum
652 3297 786 3356 exercitu

114 3380 254 3460 (Historia
268 3398 395 3459 quorum
410 3386 440 3440 et
454 3382 486 3439 in
500 3378 634 3440 tabernis
648 3378 791 3459 pingitur)

100 3465 261 3539 Fugerent
274 3471 306 3526 et
319 3472 401 3527 artos
416 3465 530 3526 circum
544 3463 731 3543 trepidarent
745 3480 841 3535 cavos,
