<?xml version="1.0" encoding="UTF-8"?>
<!DOCTYPE html PUBLIC "-//W3C//DTD XHTML 1.0 Transitional//EN"
    "http://www.w3.org/TR/xhtml1/DTD/xhtml1-transitional.dtd">
<html xmlns="http://www.w3.org/1999/xhtml" xml:lang="en" lang="en">
 <head>
  <title>
</title>
<meta http-equiv="Content-Type" content="text/html;charset=utf-8" />
  <meta name='ocr-system' content='tesseract 3.04.00' />
  <meta name='ocr-capabilities' content='ocr_page ocr_carea ocr_par ocr_line ocrx_word'/>
</head>
<body>
  <div class='ocr_page' id='page_1' title='image "./phaedriavgvstil00phaegoog_0069.png"; bbox 0 0 2362 3854; ppageno 0'>
   <div class='ocr_carea' id='block_1_1' title="bbox 105 198 787 289">
    <p class='ocr_par' dir='ltr' id='par_1_1' title="bbox 105 198 787 289">
     <span class='ocr_line' id='line_1_1' title="bbox 105 198 787 289; baseline 0.012 -32"><span class='ocrx_word' id='word_1_1' title='bbox 105 198 146 266; x_wconf 79' lang='lat'>48</span> <span class='ocrx_word' id='word_1_2' title='bbox 383 205 544 289; x_wconf 71' lang='lat' dir='ltr'>nunnoni</span> <span class='ocrx_word' id='word_1_3' title='bbox 564 207 787 267; x_wconf 78' lang='lat' dir='ltr'>raammvu</span> 
     </span>
    </p>
   </div>
   <div class='ocr_carea' id='block_1_2' title="bbox 106 355 1070 1441">
    <p class='ocr_par' dir='ltr' id='par_1_2' title="bbox 107 355 706 435">
     <span class='ocr_line' id='line_1_2' title="bbox 107 355 706 435; baseline 0.007 -19"><span class='ocrx_word' id='word_1_4' title='bbox 107 355 145 416; x_wconf 89' lang='lat' dir='ltr'>Et</span> <span class='ocrx_word' id='word_1_5' title='bbox 160 355 305 426; x_wconf 90' lang='lat' dir='ltr'>derisuri,</span> <span class='ocrx_word' id='word_1_6' title='bbox 321 373 381 416; x_wconf 91' lang='lat' dir='ltr'>non</span> <span class='ocrx_word' id='word_1_7' title='bbox 397 360 574 435; x_wconf 90' lang='lat' dir='ltr'>spectaturi,</span> <span class='ocrx_word' id='word_1_8' title='bbox 591 358 706 420; x_wconf 89' lang='lat' dir='ltr'>sedent.</span> 
     </span>
    </p>

    <p class='ocr_par' dir='ltr' id='par_1_3' title="bbox 107 440 776 523">
     <span class='ocr_line' id='line_1_3' title="bbox 107 440 776 523; baseline 0.003 -22"><span class='ocrx_word' id='word_1_9' title='bbox 107 443 236 520; x_wconf 79' lang='lat' dir='ltr'><strong>Vterque</strong></span> <span class='ocrx_word' id='word_1_10' title='bbox 251 440 362 520; x_wconf 82' lang='lat' dir='ltr'><strong>prodit.</strong></span> <span class='ocrx_word' id='word_1_11' title='bbox 393 440 502 502; x_wconf 89' lang='lat' dir='ltr'>Scurra</span> <span class='ocrx_word' id='word_1_12' title='bbox 518 442 678 520; x_wconf 75' lang='lat' dir='ltr'>degrunnit</span> <span class='ocrx_word' id='word_1_13' title='bbox 692 444 776 523; x_wconf 87' lang='lat' dir='ltr'>prior</span> 
     </span>
    </p>

    <p class='ocr_par' dir='ltr' id='par_1_4' title="bbox 106 524 748 604">
     <span class='ocr_line' id='line_1_4' title="bbox 106 524 748 604; baseline 0.005 -20"><span class='ocrx_word' id='word_1_14' title='bbox 106 524 260 604; x_wconf 80' lang='lat' dir='ltr'>Movetque</span> <span class='ocrx_word' id='word_1_15' title='bbox 275 525 397 604; x_wconf 88' lang='lat' dir='ltr'>plausus</span> <span class='ocrx_word' id='word_1_16' title='bbox 411 533 441 586; x_wconf 92' lang='lat' dir='ltr'>et</span> <span class='ocrx_word' id='word_1_17' title='bbox 455 524 601 586; x_wconf 81' lang='lat' dir='ltr'>clamores</span> <span class='ocrx_word' id='word_1_18' title='bbox 615 529 748 587; x_wconf 92' lang='lat' dir='ltr'>suscitat.</span> 
     </span>
    </p>

    <p class='ocr_par' dir='ltr' id='par_1_5' title="bbox 108 608 771 671">
     <span class='ocr_line' id='line_1_5' title="bbox 108 608 771 671; baseline 0.006 -4"><span class='ocrx_word' id='word_1_19' title='bbox 108 608 191 668; x_wconf 85' lang='lat' dir='ltr'>Tunc</span> <span class='ocrx_word' id='word_1_20' title='bbox 206 610 348 670; x_wconf 85' lang='lat' dir='ltr'>simulans</span> <span class='ocrx_word' id='word_1_21' title='bbox 363 626 428 668; x_wconf 90' lang='lat' dir='ltr'>sese</span> <span class='ocrx_word' id='word_1_22' title='bbox 442 610 627 669; x_wconf 87' lang='lat' dir='ltr'>vestimentis</span> <span class='ocrx_word' id='word_1_23' title='bbox 641 613 771 671; x_wconf 91' lang='lat' dir='ltr'>rusticus</span> 
     </span>
    </p>

    <p class='ocr_par' dir='ltr' id='par_1_6' title="bbox 106 689 1070 858">
     <span class='ocr_line' id='line_1_6' title="bbox 106 689 1070 770; baseline 0.003 -17"><span class='ocrx_word' id='word_1_24' title='bbox 106 690 273 753; x_wconf 84' lang='lat' dir='ltr'><strong>Porcellum</strong></span> <span class='ocrx_word' id='word_1_25' title='bbox 288 692 443 769; x_wconf 82' lang='lat' dir='ltr'>obtegere,</span> <span class='ocrx_word' id='word_1_26' title='bbox 461 689 549 770; x_wconf 91' lang='lat' dir='ltr'>(quod</span> <span class='ocrx_word' id='word_1_27' title='bbox 563 693 693 753; x_wconf 86' lang='lat' dir='ltr'>faciebat</span> <span class='ocrx_word' id='word_1_28' title='bbox 707 694 830 764; x_wconf 87' lang='lat' dir='ltr'>seilicet,</span> <span class='ocrx_word' id='word_1_29' title='bbox 1035 703 1070 756; x_wconf 83' lang='grc'>30</span> 
     </span>
     <span class='ocr_line' id='line_1_7' title="bbox 108 775 885 858; baseline 0.004 -23"><span class='ocrx_word' id='word_1_30' title='bbox 108 775 182 845; x_wconf 89' lang='lat' dir='ltr'>Sed,</span> <span class='ocrx_word' id='word_1_31' title='bbox 198 778 345 855; x_wconf 90' lang='lat' dir='ltr'>inpriore</span> <span class='ocrx_word' id='word_1_32' title='bbox 361 777 430 855; x_wconf 89' lang='lat' dir='ltr'>quia</span> <span class='ocrx_word' id='word_1_33' title='bbox 445 777 487 835; x_wconf 92' lang='lat' dir='ltr'>nil</span> <span class='ocrx_word' id='word_1_34' title='bbox 503 785 722 856; x_wconf 82' lang='lat' dir='ltr'>compererant,</span> <span class='ocrx_word' id='word_1_35' title='bbox 739 776 844 858; x_wconf 85' lang='lat' dir='ltr'>latens)</span> <span class='ocrx_word' id='word_1_36' title='bbox 883 776 885 778; x_wconf 73' lang='grc'><strong>’</strong></span> 
     </span>
    </p>

    <p class='ocr_par' dir='ltr' id='par_1_7' title="bbox 106 859 737 938">
     <span class='ocr_line' id='line_1_8' title="bbox 106 859 737 938; baseline 0 -18"><span class='ocrx_word' id='word_1_37' title='bbox 106 859 247 921; x_wconf 83' lang='lat' dir='ltr'>Pervellit</span> <span class='ocrx_word' id='word_1_38' title='bbox 261 877 364 920; x_wconf 88' lang='lat' dir='ltr'>aurem</span> <span class='ocrx_word' id='word_1_39' title='bbox 378 877 462 929; x_wconf 91' lang='lat' dir='ltr'>vero,</span> <span class='ocrx_word' id='word_1_40' title='bbox 479 877 568 938; x_wconf 89' lang='lat' dir='ltr'>quem</span> <span class='ocrx_word' id='word_1_41' title='bbox 583 859 737 931; x_wconf 82' lang='lat' dir='ltr'>celaverat,</span> 
     </span>
    </p>

    <p class='ocr_par' dir='ltr' id='par_1_8' title="bbox 107 943 765 1023">
     <span class='ocr_line' id='line_1_9' title="bbox 107 943 765 1023; baseline 0 -19"><span class='ocrx_word' id='word_1_42' title='bbox 107 943 144 1005; x_wconf 87' lang='lat' dir='ltr'>Et</span> <span class='ocrx_word' id='word_1_43' title='bbox 159 961 226 1003; x_wconf 89' lang='lat' dir='ltr'>cnm</span> <span class='ocrx_word' id='word_1_44' title='bbox 241 943 342 1004; x_wconf 92' lang='lat' dir='ltr'>dolore</span> <span class='ocrx_word' id='word_1_45' title='bbox 357 961 460 1003; x_wconf 88' lang='lat' dir='ltr'>vocem</span> <span class='ocrx_word' id='word_1_46' title='bbox 474 952 597 1005; x_wconf 87' lang='lat' dir='ltr'>naturae</span> <span class='ocrx_word' id='word_1_47' title='bbox 613 947 765 1023; x_wconf 85' lang='lat' dir='ltr'>exprimit.</span> 
     </span>
    </p>

    <p class='ocr_par' dir='ltr' id='par_1_9' title="bbox 107 1027 797 1107">
     <span class='ocr_line' id='line_1_10' title="bbox 107 1027 797 1107; baseline 0.001 -20"><span class='ocrx_word' id='word_1_48' title='bbox 107 1027 258 1088; x_wconf 78' lang='lat' dir='ltr'>Adclamat</span> <span class='ocrx_word' id='word_1_49' title='bbox 272 1027 399 1107; x_wconf 93' lang='lat' dir='ltr'>populus</span> <span class='ocrx_word' id='word_1_50' title='bbox 414 1045 547 1090; x_wconf 88' lang='lat' dir='ltr'>scurram</span> <span class='ocrx_word' id='word_1_51' title='bbox 562 1027 653 1088; x_wconf 92' lang='lat' dir='ltr'>multo</span> <span class='ocrx_word' id='word_1_52' title='bbox 669 1028 797 1090; x_wconf 89' lang='lat' dir='ltr'>similius</span> 
     </span>
    </p>

    <p class='ocr_par' dir='ltr' id='par_1_10' title="bbox 107 1110 1069 1275">
     <span class='ocr_line' id='line_1_11' title="bbox 107 1110 1069 1189; baseline 0.003 -18"><span class='ocrx_word' id='word_1_53' title='bbox 107 1110 270 1180; x_wconf 89' lang='lat' dir='ltr'>Imitatum,</span> <span class='ocrx_word' id='word_1_54' title='bbox 286 1120 316 1171; x_wconf 93' lang='lat' dir='ltr'>et</span> <span class='ocrx_word' id='word_1_55' title='bbox 331 1114 410 1189; x_wconf 84' lang='lat' dir='ltr'>cogit</span> <span class='ocrx_word' id='word_1_56' title='bbox 423 1113 570 1172; x_wconf 92' lang='lat' dir='ltr'>rusticum</span> <span class='ocrx_word' id='word_1_57' title='bbox 583 1112 665 1172; x_wconf 87' lang='lat' dir='ltr'>trudi</span> <span class='ocrx_word' id='word_1_58' title='bbox 679 1114 770 1174; x_wconf 89' lang='lat' dir='ltr'>loras.</span> <span class='ocrx_word' id='word_1_59' title='bbox 1033 1120 1069 1174; x_wconf 74' lang='lat'>35</span> 
     </span>
     <span class='ocr_line' id='line_1_12' title="bbox 107 1194 750 1275; baseline 0.003 -21"><span class='ocrx_word' id='word_1_60' title='bbox 107 1195 145 1254; x_wconf 78' lang='lat' dir='ltr'>at</span> <span class='ocrx_word' id='word_1_61' title='bbox 158 1194 208 1254; x_wconf 91' lang='lat' dir='ltr'>ille</span> <span class='ocrx_word' id='word_1_62' title='bbox 222 1196 337 1273; x_wconf 82' lang='lat' dir='ltr'>profert</span> <span class='ocrx_word' id='word_1_63' title='bbox 351 1197 450 1274; x_wconf 92' lang='lat' dir='ltr'>ipsum</span> <span class='ocrx_word' id='word_1_64' title='bbox 464 1195 629 1275; x_wconf 89' lang='lat' dir='ltr'>porcellum</span> <span class='ocrx_word' id='word_1_65' title='bbox 643 1214 659 1255; x_wconf 89' lang='lat' dir='ltr'>e</span> <span class='ocrx_word' id='word_1_66' title='bbox 675 1197 750 1265; x_wconf 89' lang='lat' dir='ltr'>sinu,</span> 
     </span>
    </p>

    <p class='ocr_par' dir='ltr' id='par_1_11' title="bbox 107 1276 862 1358">
     <span class='ocr_line' id='line_1_13' title="bbox 107 1276 862 1358; baseline 0.005 -22"><span class='ocrx_word' id='word_1_67' title='bbox 107 1276 296 1357; x_wconf 87' lang='lat' dir='ltr'>Turpemque</span> <span class='ocrx_word' id='word_1_68' title='bbox 312 1289 415 1357; x_wconf 89' lang='lat' dir='ltr'>aperto</span> <span class='ocrx_word' id='word_1_69' title='bbox 429 1280 554 1356; x_wconf 85' lang='lat' dir='ltr'>pignore</span> <span class='ocrx_word' id='word_1_70' title='bbox 570 1296 703 1354; x_wconf 84' lang='lat' dir='ltr'>errorem</span> <span class='ocrx_word' id='word_1_71' title='bbox 717 1278 862 1358; x_wconf 86' lang='lat' dir='ltr'>probans:</span> 
     </span>
    </p>

    <p class='ocr_par' dir='ltr' id='par_1_12' title="bbox 106 1359 713 1441">
     <span class='ocr_line' id='line_1_14' title="bbox 106 1359 713 1441; baseline -0.002 -19"><span class='ocrx_word' id='word_1_72' title='bbox 106 1359 215 1422; x_wconf 85' lang='lat' dir='ltr'>Euhie</span> <span class='ocrx_word' id='word_1_73' title='bbox 230 1361 373 1432; x_wconf 86' lang='lat' dir='ltr'>declarat,</span> <span class='ocrx_word' id='word_1_74' title='bbox 390 1361 491 1441; x_wconf 87' lang='lat' dir='ltr'>quales</span> <span class='ocrx_word' id='word_1_75' title='bbox 506 1362 572 1422; x_wconf 90' lang='lat' dir='ltr'>sitis</span> <span class='ocrx_word' id='word_1_76' title='bbox 585 1361 713 1423; x_wconf 88' lang='lat' dir='ltr'>iudices!</span> 
     </span>
    </p>
   </div>
   <div class='ocr_carea' id='block_1_3' title="bbox 106 1514 1062 1672">
    <p class='ocr_par' dir='ltr' id='par_1_13' title="bbox 106 1514 1062 1672">
     <span class='ocr_line' id='line_1_15' title="bbox 106 1514 1062 1672; baseline -0.002 -8"><span class='ocrx_word' id='word_1_77' title='bbox 106 1611 273 1664; x_wconf 76' lang='lat' dir='ltr'>onuvvs</span> <span class='ocrx_word' id='word_1_78' title='bbox 289 1611 345 1664; x_wconf 78' lang='lat' dir='ltr'>nu</span> <span class='ocrx_word' id='word_1_79' title='bbox 361 1514 823 1672; x_wconf 47' lang='lat' dir='ltr'>ovJafflffl&#39;rms</span> <span class='ocrx_word' id='word_1_80' title='bbox 839 1580 1062 1666; x_wconf 70' lang='lat' dir='ltr'>nannenus.</span> 
     </span>
    </p>
   </div>
   <div class='ocr_carea' id='block_1_4' title="bbox 107 1697 1066 2279">
    <p class='ocr_par' dir='ltr' id='par_1_14' title="bbox 107 1697 1066 2279">
     <span class='ocr_line' id='line_1_16' title="bbox 132 1697 792 1776; baseline 0 -18"><span class='ocrx_word' id='word_1_81' title='bbox 132 1772 133 1776; x_wconf 7' lang='grc' dir='ltr'><strong>Ἰ</strong></span> <span class='ocrx_word' id='word_1_82' title='bbox 148 1698 265 1759; x_wconf 88' lang='lat' dir='ltr'>Invenit</span> <span class='ocrx_word' id='word_1_83' title='bbox 280 1698 379 1759; x_wconf 89' lang='lat' dir='ltr'>calvus</span> <span class='ocrx_word' id='word_1_84' title='bbox 392 1697 469 1758; x_wconf 82' lang='lat' dir='ltr'>torte</span> <span class='ocrx_word' id='word_1_85' title='bbox 484 1700 516 1758; x_wconf 92' lang='lat' dir='ltr'>in</span> <span class='ocrx_word' id='word_1_86' title='bbox 530 1698 619 1757; x_wconf 88' lang='lat' dir='ltr'>trivio</span> <span class='ocrx_word' id='word_1_87' title='bbox 633 1699 792 1776; x_wconf 83' lang='lat' dir='ltr'>pectinem.</span> 
     </span>
     <span class='ocr_line' id='line_1_17' title="bbox 107 1781 698 1861; baseline -0.005 -18"><span class='ocrx_word' id='word_1_88' title='bbox 107 1782 240 1843; x_wconf 72' lang='lat' dir='ltr'>Accessit</span> <span class='ocrx_word' id='word_1_89' title='bbox 255 1781 344 1851; x_wconf 89' lang='lat' dir='ltr'>alter,</span> <span class='ocrx_word' id='word_1_90' title='bbox 360 1799 454 1861; x_wconf 89' lang='lat' dir='ltr'>aeque</span> <span class='ocrx_word' id='word_1_91' title='bbox 470 1781 604 1842; x_wconf 89' lang='lat' dir='ltr'>delectus</span> <span class='ocrx_word' id='word_1_92' title='bbox 617 1781 698 1859; x_wconf 90' lang='lat' dir='ltr'>pilis.</span> 
     </span>
     <span class='ocr_line' id='line_1_18' title="bbox 108 1863 927 1943; baseline 0.001 -18"><span class='ocrx_word' id='word_1_93' title='bbox 108 1865 195 1925; x_wconf 89' lang='lat' dir='ltr'>Heia!</span> <span class='ocrx_word' id='word_1_94' title='bbox 217 1866 328 1943; x_wconf 89' lang='lat' dir='ltr'>inquit,</span> <span class='ocrx_word' id='word_1_95' title='bbox 345 1866 545 1924; x_wconf 91' lang='lat' dir='ltr'>incommune</span> <span class='ocrx_word' id='word_1_96' title='bbox 561 1865 767 1943; x_wconf 89' lang='lat' dir='ltr'>quodcumque</span> <span class='ocrx_word' id='word_1_97' title='bbox 782 1868 828 1925; x_wconf 82' lang='lat' dir='ltr'>e‘st</span> <span class='ocrx_word' id='word_1_98' title='bbox 841 1863 927 1927; x_wconf 90' lang='lat' dir='ltr'>lucrl.</span> 
     </span>
     <span class='ocr_line' id='line_1_19' title="bbox 108 1947 750 2025; baseline -0.002 -16"><span class='ocrx_word' id='word_1_99' title='bbox 108 1948 246 2010; x_wconf 89' lang='lat' dir='ltr'>Ostendit</span> <span class='ocrx_word' id='word_1_100' title='bbox 259 1948 308 2007; x_wconf 91' lang='lat' dir='ltr'>ille</span> <span class='ocrx_word' id='word_1_101' title='bbox 323 1947 464 2025; x_wconf 91' lang='lat' dir='ltr'>praedam</span> <span class='ocrx_word' id='word_1_102' title='bbox 480 1955 509 2008; x_wconf 93' lang='lat' dir='ltr'>et</span> <span class='ocrx_word' id='word_1_103' title='bbox 525 1947 633 2007; x_wconf 89' lang='lat' dir='ltr'>adiecit</span> <span class='ocrx_word' id='word_1_104' title='bbox 648 1947 750 2008; x_wconf 91' lang='lat' dir='ltr'>simul:</span> 
     </span>
     <span class='ocr_line' id='line_1_20' title="bbox 108 2030 1066 2110; baseline 0 -18"><span class='ocrx_word' id='word_1_105' title='bbox 108 2031 255 2110; x_wconf 91' lang='lat' dir='ltr'>Superum</span> <span class='ocrx_word' id='word_1_106' title='bbox 269 2030 403 2092; x_wconf 89' lang='lat' dir='ltr'>voluntas</span> <span class='ocrx_word' id='word_1_107' title='bbox 416 2032 505 2102; x_wconf 86' lang='lat' dir='ltr'>favit;</span> <span class='ocrx_word' id='word_1_108' title='bbox 521 2031 573 2091; x_wconf 91' lang='lat' dir='ltr'>sed</span> <span class='ocrx_word' id='word_1_109' title='bbox 587 2031 647 2092; x_wconf 86' lang='lat' dir='ltr'>lato</span> <span class='ocrx_word' id='word_1_110' title='bbox 662 2032 763 2093; x_wconf 90' lang='lat' dir='ltr'>invido</span> <span class='ocrx_word' id='word_1_111' title='bbox 1048 2040 1066 2092; x_wconf 79' lang='lat'><strong>5</strong></span> 
     </span>
     <span class='ocr_line' id='line_1_21' title="bbox 108 2114 865 2194; baseline 0.004 -18"><span class='ocrx_word' id='word_1_112' title='bbox 108 2114 285 2185; x_wconf 85' lang='lat' dir='ltr'>Carbonem,</span> <span class='ocrx_word' id='word_1_113' title='bbox 302 2122 335 2175; x_wconf 92' lang='lat' dir='ltr'>ut</span> <span class='ocrx_word' id='word_1_114' title='bbox 349 2117 446 2185; x_wconf 89' lang='lat' dir='ltr'>aiunt,</span> <span class='ocrx_word' id='word_1_115' title='bbox 455 2132 518 2194; x_wconf 50' lang='lat' dir='ltr'>¹pro</span> <span class='ocrx_word' id='word_1_116' title='bbox 532 2115 673 2176; x_wconf 89' lang='lat' dir='ltr'>thesauro</span> <span class='ocrx_word' id='word_1_117' title='bbox 687 2116 865 2179; x_wconf 87' lang='lat' dir='ltr'>invenimus.</span> 
     </span>
     <span class='ocr_line' id='line_1_22' title="bbox 148 2197 872 2279; baseline -0.003 -19"><span class='ocrx_word' id='word_1_118' title='bbox 148 2197 241 2268; x_wconf 86' lang='lat' dir='ltr'>Quem</span> <span class='ocrx_word' id='word_1_119' title='bbox 256 2216 324 2278; x_wconf 88' lang='lat' dir='ltr'>spes</span> <span class='ocrx_word' id='word_1_120' title='bbox 339 2198 462 2268; x_wconf 91' lang='lat' dir='ltr'>delusit,</span> <span class='ocrx_word' id='word_1_121' title='bbox 478 2199 549 2259; x_wconf 92' lang='lat' dir='ltr'>huic</span> <span class='ocrx_word' id='word_1_122' title='bbox 564 2199 685 2279; x_wconf 88' lang='lat' dir='ltr'>querela</span> <span class='ocrx_word' id='word_1_123' title='bbox 700 2201 847 2260; x_wconf 82' lang='lat' dir='ltr'>convenit.</span> <span class='ocrx_word' id='word_1_124' title='bbox 864 2205 872 2221; x_wconf 63' lang='lat'>⁸</span> 
     </span>
    </p>
   </div>
   <div class='ocr_carea' id='block_1_5' title="bbox 349 2350 823 2504">
    <p class='ocr_par' dir='ltr' id='par_1_15' title="bbox 349 2350 823 2504">
     <span class='ocr_line' id='line_1_23' title="bbox 448 2350 727 2411; baseline 0 0"><span class='ocrx_word' id='word_1_125' title='bbox 448 2350 637 2411; x_wconf 82' lang='lat' dir='ltr'><strong>FABVLA</strong></span> <span class='ocrx_word' id='word_1_126' title='bbox 657 2351 727 2411; x_wconf 90' lang='lat' dir='ltr'>VH.</span> 
     </span>
     <span class='ocr_line' id='line_1_24' title="bbox 349 2448 823 2504; baseline 0.008 -4"><span class='ocrx_word' id='word_1_127' title='bbox 349 2448 590 2501; x_wconf 78' lang='lat' dir='ltr'>PRINOEPS</span> <span class='ocrx_word' id='word_1_128' title='bbox 616 2448 823 2504; x_wconf 69' lang='lat' dir='ltr'>‘runcum</span> 
     </span>
    </p>
   </div>
   <div class='ocr_carea' id='block_1_6' title="bbox 106 2531 1064 3517">
    <p class='ocr_par' dir='ltr' id='par_1_16' title="bbox 106 2531 1064 3517">
     <span class='ocr_line' id='line_1_25' title="bbox 147 2531 765 2613; baseline -0.005 -19"><span class='ocrx_word' id='word_1_129' title='bbox 147 2533 204 2594; x_wconf 92' lang='lat' dir='ltr'>Vbi</span> <span class='ocrx_word' id='word_1_130' title='bbox 218 2551 311 2610; x_wconf 86' lang='lat' dir='ltr'>vanus</span> <span class='ocrx_word' id='word_1_131' title='bbox 325 2536 440 2595; x_wconf 92' lang='lat' dir='ltr'>animus</span> <span class='ocrx_word' id='word_1_132' title='bbox 456 2552 527 2595; x_wconf 93' lang='lat' dir='ltr'>aura</span> <span class='ocrx_word' id='word_1_133' title='bbox 542 2540 645 2613; x_wconf 90' lang='lat' dir='ltr'>eaptus</span> <span class='ocrx_word' id='word_1_134' title='bbox 659 2531 765 2595; x_wconf 80' lang='lat' dir='ltr'>[rivola</span> 
     </span>
     <span class='ocr_line' id='line_1_26' title="bbox 107 2616 670 2695; baseline -0.002 -16"><span class='ocrx_word' id='word_1_135' title='bbox 107 2618 244 2695; x_wconf 79' lang='lat' dir='ltr'>Adripuit</span> <span class='ocrx_word' id='word_1_136' title='bbox 259 2616 435 2678; x_wconf 89' lang='lat' dir='ltr'>insolentem</span> <span class='ocrx_word' id='word_1_137' title='bbox 449 2616 509 2678; x_wconf 93' lang='lat' dir='ltr'>sibi</span> <span class='ocrx_word' id='word_1_138' title='bbox 523 2618 670 2687; x_wconf 87' lang='lat' dir='ltr'>fiduciam,</span> 
     </span>
     <span class='ocr_line' id='line_1_27' title="bbox 107 2699 770 2763; baseline 0.002 -1"><span class='ocrx_word' id='word_1_139' title='bbox 107 2701 206 2762; x_wconf 83' lang='lat' dir='ltr'>Facile</span> <span class='ocrx_word' id='word_1_140' title='bbox 222 2701 259 2761; x_wconf 91' lang='lat' dir='ltr'>ad</span> <span class='ocrx_word' id='word_1_141' title='bbox 273 2701 404 2761; x_wconf 90' lang='lat' dir='ltr'>derisum</span> <span class='ocrx_word' id='word_1_142' title='bbox 419 2700 507 2760; x_wconf 92' lang='lat' dir='ltr'>stulta</span> <span class='ocrx_word' id='word_1_143' title='bbox 522 2700 627 2762; x_wconf 86' lang='lat' dir='ltr'>levitas</span> <span class='ocrx_word' id='word_1_144' title='bbox 643 2699 770 2763; x_wconf 89' lang='lat' dir='ltr'>ducitur.</span> 
     </span>
     <span class='ocr_line' id='line_1_28' title="bbox 149 2783 726 2864; baseline -0.003 -19"><span class='ocrx_word' id='word_1_145' title='bbox 149 2784 293 2864; x_wconf 87' lang='lat' dir='ltr'>Princeps</span> <span class='ocrx_word' id='word_1_146' title='bbox 308 2784 420 2845; x_wconf 87' lang='lat' dir='ltr'>tibicen</span> <span class='ocrx_word' id='word_1_147' title='bbox 435 2785 533 2845; x_wconf 90' lang='lat' dir='ltr'>notior</span> <span class='ocrx_word' id='word_1_148' title='bbox 548 2783 646 2863; x_wconf 92' lang='lat' dir='ltr'>paullo</span> <span class='ocrx_word' id='word_1_149' title='bbox 660 2784 726 2854; x_wconf 86' lang='lat' dir='ltr'>fuit,</span> 
     </span>
     <span class='ocr_line' id='line_1_29' title="bbox 107 2867 746 2948; baseline -0.003 -19"><span class='ocrx_word' id='word_1_150' title='bbox 107 2868 234 2947; x_wconf 86' lang='lat' dir='ltr'>Operam</span> <span class='ocrx_word' id='word_1_151' title='bbox 248 2867 381 2948; x_wconf 81' lang='lat' dir='ltr'>Bathyllo</span> <span class='ocrx_word' id='word_1_152' title='bbox 396 2868 500 2928; x_wconf 90' lang='lat' dir='ltr'>solitus</span> <span class='ocrx_word' id='word_1_153' title='bbox 515 2869 547 2928; x_wconf 89' lang='lat' dir='ltr'>in</span> <span class='ocrx_word' id='word_1_154' title='bbox 561 2884 650 2928; x_wconf 89' lang='lat' dir='ltr'>scena</span> <span class='ocrx_word' id='word_1_155' title='bbox 665 2867 746 2928; x_wconf 89' lang='lat' dir='ltr'>dare.</span> 
     </span>
     <span class='ocr_line' id='line_1_30' title="bbox 106 2949 760 3031; baseline 0 -20"><span class='ocrx_word' id='word_1_156' title='bbox 106 2951 135 3012; x_wconf 91' lang='lat' dir='ltr'>ls</span> <span class='ocrx_word' id='word_1_157' title='bbox 148 2952 225 3012; x_wconf 82' lang='lat' dir='ltr'>forte</span> <span class='ocrx_word' id='word_1_158' title='bbox 240 2951 318 3013; x_wconf 90' lang='lat' dir='ltr'>ludis</span> <span class='ocrx_word' id='word_1_159' title='bbox 335 2949 404 3030; x_wconf 91' lang='lat' dir='ltr'>(non</span> <span class='ocrx_word' id='word_1_160' title='bbox 418 2954 490 3013; x_wconf 91' lang='lat' dir='ltr'>satis</span> <span class='ocrx_word' id='word_1_161' title='bbox 504 2953 627 3012; x_wconf 90' lang='lat' dir='ltr'>memini</span> <span class='ocrx_word' id='word_1_162' title='bbox 642 2950 760 3031; x_wconf 83' lang='lat' dir='ltr'>quibus)</span> 
     </span>
     <span class='ocr_line' id='line_1_31' title="bbox 106 3033 777 3115; baseline 0.001 -21"><span class='ocrx_word' id='word_1_163' title='bbox 106 3033 182 3095; x_wconf 82' lang='lat' dir='ltr'>llum</span> <span class='ocrx_word' id='word_1_164' title='bbox 197 3052 302 3114; x_wconf 84' lang='lat' dir='ltr'>pegma</span> <span class='ocrx_word' id='word_1_165' title='bbox 316 3037 449 3115; x_wconf 90' lang='lat' dir='ltr'>rapitur,</span> <span class='ocrx_word' id='word_1_166' title='bbox 465 3036 596 3097; x_wconf 91' lang='lat' dir='ltr'>concidit</span> <span class='ocrx_word' id='word_1_167' title='bbox 610 3041 680 3097; x_wconf 88' lang='lat' dir='ltr'>casu</span> <span class='ocrx_word' id='word_1_168' title='bbox 694 3035 777 3112; x_wconf 82' lang='lat' dir='ltr'>gravi</span> 
     </span>
     <span class='ocr_line' id='line_1_32' title="bbox 106 3116 771 3197; baseline 0 -19"><span class='ocrx_word' id='word_1_169' title='bbox 106 3116 169 3178; x_wconf 88' lang='lat' dir='ltr'>Neo</span> <span class='ocrx_word' id='word_1_170' title='bbox 184 3121 322 3197; x_wconf 90' lang='lat' dir='ltr'>opinans,</span> <span class='ocrx_word' id='word_1_171' title='bbox 338 3128 369 3181; x_wconf 87' lang='lat' dir='ltr'>et</span> <span class='ocrx_word' id='word_1_172' title='bbox 383 3121 537 3193; x_wconf 88' lang='lat' dir='ltr'>sinistram</span> <span class='ocrx_word' id='word_1_173' title='bbox 550 3120 642 3197; x_wconf 80' lang='lat' dir='ltr'>fregit</span> <span class='ocrx_word' id='word_1_174' title='bbox 656 3118 771 3188; x_wconf 89' lang='lat' dir='ltr'>tibiam,</span> 
     </span>
     <span class='ocr_line' id='line_1_33' title="bbox 106 3200 718 3282; baseline 0 -21"><span class='ocrx_word' id='word_1_175' title='bbox 106 3200 185 3262; x_wconf 85' lang='lat' dir='ltr'>Duas</span> <span class='ocrx_word' id='word_1_176' title='bbox 200 3219 266 3262; x_wconf 92' lang='lat' dir='ltr'>cum</span> <span class='ocrx_word' id='word_1_177' title='bbox 282 3202 400 3263; x_wconf 86' lang='lat' dir='ltr'>dextras</span> <span class='ocrx_word' id='word_1_178' title='bbox 414 3202 566 3263; x_wconf 89' lang='lat' dir='ltr'>maluisset</span> <span class='ocrx_word' id='word_1_179' title='bbox 581 3201 718 3282; x_wconf 90' lang='lat' dir='ltr'>perdere.</span> 
     </span>
     <span class='ocr_line' id='line_1_34' title="bbox 107 3283 1064 3362; baseline 0.001 -18"><span class='ocrx_word' id='word_1_180' title='bbox 107 3283 189 3346; x_wconf 93' lang='lat' dir='ltr'>lnter</span> <span class='ocrx_word' id='word_1_181' title='bbox 203 3303 307 3346; x_wconf 87' lang='lat' dir='ltr'>manus</span> <span class='ocrx_word' id='word_1_182' title='bbox 322 3284 455 3346; x_wconf 91' lang='lat' dir='ltr'>sublatus</span> <span class='ocrx_word' id='word_1_183' title='bbox 470 3293 499 3346; x_wconf 91' lang='lat' dir='ltr'>et</span> <span class='ocrx_word' id='word_1_184' title='bbox 514 3284 639 3357; x_wconf 86' lang='lat' dir='ltr'>multum</span> <span class='ocrx_word' id='word_1_185' title='bbox 654 3302 775 3362; x_wconf 83' lang='lat' dir='ltr'>gemens</span> <span class='ocrx_word' id='word_1_186' title='bbox 916 3346 918 3349; x_wconf 77' lang='grc'><strong>,</strong></span> <span class='ocrx_word' id='word_1_187' title='bbox 1030 3289 1064 3346; x_wconf 86' lang='lat' dir='ltr'>to</span> 
     </span>
     <span class='ocr_line' id='line_1_35' title="bbox 107 3366 846 3447; baseline 0.004 -19"><span class='ocrx_word' id='word_1_188' title='bbox 107 3366 231 3429; x_wconf 83' lang='lat' dir='ltr'>Domum</span> <span class='ocrx_word' id='word_1_189' title='bbox 246 3370 386 3431; x_wconf 89' lang='lat' dir='ltr'>relertur.</span> <span class='ocrx_word' id='word_1_190' title='bbox 415 3369 534 3447; x_wconf 78' lang='lat' dir='ltr'>Aliquot</span> <span class='ocrx_word' id='word_1_191' title='bbox 547 3386 666 3430; x_wconf 89' lang='lat' dir='ltr'>menses</span> <span class='ocrx_word' id='word_1_192' title='bbox 681 3375 846 3441; x_wconf 88' lang='lat' dir='ltr'>transcunt,</span> 
     </span>
     <span class='ocr_line' id='line_1_36' title="bbox 108 3452 643 3517; baseline 0.011 -6"><span class='ocrx_word' id='word_1_193' title='bbox 108 3452 151 3511; x_wconf 80' lang='lat' dir='ltr'>ad</span> <span class='ocrx_word' id='word_1_194' title='bbox 165 3455 323 3514; x_wconf 90' lang='lat' dir='ltr'>sanitatem</span> <span class='ocrx_word' id='word_1_195' title='bbox 337 3454 407 3516; x_wconf 92' lang='lat' dir='ltr'>dum</span> <span class='ocrx_word' id='word_1_196' title='bbox 422 3455 503 3514; x_wconf 91' lang='lat' dir='ltr'>venit</span> <span class='ocrx_word' id='word_1_197' title='bbox 518 3455 643 3517; x_wconf 86' lang='lat' dir='ltr'>curatio.</span> 
     </span>
    </p>
   </div>
   <div class='ocr_carea' id='block_1_7' title="bbox 0 0 1187 3854">
    <p class='ocr_par' dir='ltr' id='par_1_17' title="bbox 0 0 1187 3854">
     <span class='ocr_line' id='line_1_37' title="bbox 0 0 1187 3854; baseline 0 0"><span class='ocrx_word' id='word_1_198' title='bbox 0 0 1187 3854; x_wconf 95' lang='lat' dir='ltr'> </span> 
     </span>
    </p>
   </div>
  </div>
 </body>
</html>
