2362 3854
203 213 247 280 64
377 185 538 274 ransom
558 217 783 275 umentem
803 217 996 276 cernuum.

204 370 274 430 Arte
289 369 370 428 omni
385 369 527 447 princeps
541 370 621 430 inter
636 368 775 447 aequales
788 368 843 429 fui.

203 452 249 512 En
264 452 385 512 cuncta!
406 452 511 512 levitas
525 455 622 531 putris
638 461 667 513 et
681 452 772 512 volito
787 451 878 513 cinis!

204 535 250 595 Tu
264 537 316 614 qui
331 536 415 595 fuisti
429 535 526 596 mulus
541 535 723 605 clitellarius,

203 617 424 698 Quemcumque
439 620 536 679 visum
550 627 595 681 est
610 620 703 680 laedis
717 621 808 680 infixo
823 618 935 683 acideo.

199 703 242 780 ,tt
255 721 344 781 vespa
360 704 479 779 dignam
493 703 628 764 moribus
643 721 744 763 vocem
759 703 868 764 edidit:
910 766 916 777 ,

204 785 269 848 Non
284 789 336 866 qui
350 787 512 856 fuerimus,
528 787 581 847 sed
595 789 647 866 qui
661 804 740 848 nunc
754 788 860 857 simus,
876 786 955 846 vido.

533 972 723 1031 FABVLA
744 971 836 1031 XXX.

363 1075 693 1128 'I'EREANEOLA
717 1076 777 1127 ΕΤ
803 1076 1006 1130 ΠΒΡΕΒ.

404 1172 503 1228 Pravis
519 1189 575 1226 non
592 1189 653 1229 esse
669 1173 754 1227 fidem
772 1173 969 1228 adhibendam.

246 1278 329 1347 Avis,
345 1296 433 1357 qnam
448 1277 551 1339 dicunt
564 1279 763 1340 terraneolam
777 1280 891 1348 rustici,

204 1361 237 1422 ln
253 1369 333 1421 terra
348 1362 451 1421 nidum
466 1364 536 1440 quia
554 1363 694 1440 conponit
708 1362 832 1442 scilicet,
850 1414 853 1419 ,

205 1445 294 1504 Forte
310 1446 480 1504 occucurrit
493 1445 639 1523 inprobae
654 1443 846 1524 vulpeculam

203 1525 267 1598 Qua
282 1531 358 1598 visa,
375 1529 482 1607 pennis
497 1529 586 1589 altius
601 1547 633 1590 se
648 1528 777 1589 sustulit.

205 1610 304 1682 Salve,
321 1614 420 1690 inquit
434 1610 499 1682 illa,
516 1631 570 1673 cur
584 1631 632 1673 me
645 1614 766 1689 fugisti,
782 1611 925 1673 obsecro?

203 1692 294 1764 Quasi
309 1713 368 1756 non
383 1695 500 1756 abunde
515 1699 555 1757 sit
569 1697 642 1757 mibi
657 1699 689 1756 in
704 1703 789 1776 prato
805 1695 901 1767 cibus,

204 1778 307 1851 Grilli,
324 1778 491 1849 scarabaei,
507 1780 688 1840 locustarum
703 1778 802 1858 co‘pia:

204 1861 285 1922 Nihil
301 1868 361 1930 est,
378 1863 456 1941 quod
470 1870 599 1933 metuas,
615 1880 671 1941 ego
684 1871 715 1923 te
731 1863 855 1924 multum
871 1863 963 1941 diligo

114 1944 116 1948 ⁴
204 1944 332 2023 Propter
346 1947 464 2023 quietos
478 1964 577 2006 mores
592 1953 622 2006 et
636 1948 727 2007 vitam
742 1946 877 2026 probam.

204 2027 368 2106 Respondit
384 2035 500 2090 contra:
531 2028 577 2089 Tu
591 2030 711 2108 quidem
726 2029 802 2090 bene
818 2031 987 2111 praedicam

155 2120 162 2133 '
204 2111 238 2172 ln
254 2129 357 2190 campo
372 2129 432 2172 non
448 2131 529 2183 sum,
545 2113 598 2174 sed
612 2112 668 2173 sub
685 2114 748 2184 dio,
764 2133 818 2193 par
833 2115 900 2177 tibi.

203 2193 282 2265 Quin
297 2213 438 2275 sequere;
453 2197 510 2257 tibi
525 2197 649 2258 salutem
665 2199 818 2260 committo
833 2217 939 2260 meam.

513 2378 853 2442 EPILQGVS.

246 2485 310 2546 lloc
324 2487 539 2567 qualecumque
554 2497 599 2550 est
613 2488 695 2550 Musa
711 2491 789 2569 quod
803 2490 879 2552 ludit
893 2509 970 2563 mea,

204 2568 343 2648 Nequitia
357 2573 472 2651 pariter
486 2572 586 2632 laudat
600 2580 631 2632 et
644 2574 810 2650 frugalitas,
1028 2578 1031 2583 '

202 2651 264 2713 Sed
278 2653 352 2715 baec
366 2654 558 2734 simpliciter;
574 2654 624 2716 illa
638 2659 728 2717 tacite
743 2658 893 2719 irascitur.
975 2662 977 2666 ’
