2362 3854
484 203 592 260 LIBER
613 205 661 261 ΠΙ.

423 371 617 432 FABVLA
638 372 733 431 XVII.

249 469 445 522 molens
463 469 513 520 IN
528 469 711 520 DEORVM
728 471 905 526 ovum.

137 554 229 624 Olim,
246 573 320 634 qrtas
333 555 442 615 vellent
458 573 522 615 esse
538 557 570 615 in
584 555 676 615 tutela
691 573 753 625 sua,
783 560 787 567 '

93 639 161 700 Divi
175 639 314 716 legerunt
330 639 462 699 arbores.
495 637 628 708 Quercus
642 638 704 699 lovi

93 721 132 784 Et
146 731 261 803 myrtus
274 723 385 783 Veneri
400 723 527 802 placuit,
544 721 665 782 Phoebo
679 723 790 794 laurea,

93 806 187 867 Pinus
202 805 353 886 Cybebae,
370 808 497 886 populus
512 807 590 867 celsa
606 807 738 866 Herculi.

93 891 226 951 Minerva
241 891 405 959 admirans,
422 907 514 970 quare
529 891 647 951 steriles
662 898 832 960 sumerent:
1041 901 1058 954 5

31 1038 37 1051 ,
93 974 302 1053 Interrogavit.
333 974 456 1035 Causam
473 975 548 1034 dixit
561 975 711 1054 luppiter:

93 1059 243 1120 Honorem
257 1059 358 1118 fructu
372 1076 409 1118 ne
424 1058 578 1118 videamur
592 1059 731 1119 rendere.

93 1148 146 1211 nt,
163 1141 363 1212 mehercules,
379 1141 514 1202 narrabit
528 1142 607 1221 quod
622 1145 689 1222 quis
702 1143 840 1214 voluerit,

95 1226 178 1288 Oliva
193 1225 282 1287 nobis
295 1233 418 1305 propter
432 1227 562 1286 fructum
578 1234 623 1287 est
637 1229 760 1304 gratior.

94 1310 179 1370 Tunc
194 1312 237 1371 sic
253 1309 377 1370 deorum
392 1312 510 1388 genitor
525 1318 613 1389 atque
628 1311 782 1371 hominum
798 1320 891 1373 sator:
1026 1321 1058 1373 10

95 1394 119 1456 O
135 1402 219 1464 nata,
236 1396 343 1453 merito
358 1396 478 1472 sapiens
494 1393 595 1454 dicere
610 1393 762 1455 omnibus!

94 1477 159 1538 Nisi
175 1478 247 1538 utile
263 1485 308 1538 est
322 1478 400 1557 quod
414 1479 555 1548 facimus,
571 1477 660 1538 stulta
676 1485 722 1537 est
736 1479 840 1556 gloria.

137 1561 219 1622 Nihil
235 1578 324 1639 agere
340 1561 418 1640 quod
432 1580 492 1621 non
507 1564 604 1640 prosit
618 1560 725 1622 labella
742 1561 889 1625 admonet.

414 1695 606 1756 FABVLA
627 1696 739 1756 XVIII.

211 1795 327 1846 PAVO
344 1795 402 1844 AD
419 1793 624 1845 IVNONEM
640 1795 698 1845 DE
715 1795 828 1849 VOGE
847 1795 939 1849 SVA.

137 1880 214 1940 Pavo
229 1879 266 1940 ad
279 1880 422 1940 lunonem
437 1882 519 1941 venit
533 1879 655 1957 indigne
670 1881 781 1951 terens,

95 1963 205 2024 Cantus
219 1963 338 2024 luscinii
353 1964 432 2043 quod
447 1964 506 2024 sihi
521 1983 582 2025 non
596 1963 754 2035 tribuerit;

95 2047 181 2108 lllum
197 2065 261 2109 esse
277 2050 392 2108 cunctis
405 2047 510 2108 avibus
524 2046 740 2120 admirabilem,

96 2131 134 2192 Se
148 2131 295 2202 derideri,
312 2130 400 2191 simul
415 2149 449 2190 ac
464 2148 566 2190 vocem
581 2133 707 2191 miserit.

96 2215 180 2275 'lunc
195 2215 364 2276 consolandi
379 2217 476 2292 gratia
491 2215 567 2274 dixit
581 2214 651 2275 dea:

96 2299 155 2359 Sed
170 2300 266 2360 forma
281 2301 391 2368 vincis,
408 2300 502 2359 vincis
517 2299 738 2376 magnitudine3

96 2383 183 2443 Nitor
198 2383 346 2460 smaragdi
362 2383 437 2443 collo
451 2384 619 2473 prapiulget
633 2391 685 2444 tuo

96 2465 247 2546 Pictisque
261 2467 370 2546 plumis
384 2484 548 2544 gemmeam
565 2467 688 2528 caudam
704 2467 843 2547 explicas.

96 2549 159 2620 Ouo
174 2553 231 2620 mi,
247 2553 358 2629 inquit,
374 2558 486 2611 mutam
501 2553 646 2629 speciem,
663 2553 688 2612 si
703 2554 806 2612 vincor
821 2553 912 2613 sono?

96 2635 237 2694 Fatorum
253 2634 378 2695 arbitrio
393 2642 494 2713 partes
509 2642 578 2695 sunt
591 2633 676 2696 robis
690 2635 790 2696 datae:
1023 2642 1057 2695 to

95 2715 168 2777 llbi
182 2719 291 2788 forma,
307 2721 386 2778 vires
401 2719 531 2798 aquilae,
547 2719 674 2780 luscinio
688 2720 791 2789 melos,

33 2808 41 2823 '
96 2802 260 2878 Augurium
275 2819 378 2872 corvo,
394 2802 476 2862 laeva
492 2805 605 2863 cornici
621 2805 728 2872 omina,

97 2883 265 2964 Omnesque
280 2887 410 2964 propriis
425 2893 493 2946 sunt
508 2894 662 2947 contentae
677 2887 806 2948 dotibus.

138 2968 204 3029 Noli
220 2969 369 3029 adiectare
385 2969 464 3047 quod
479 2968 535 3028 tibi
550 2988 608 3029 non
625 2978 671 3031 est
685 2970 794 3039 datum,

96 3051 203 3112 Delusa
217 3071 255 3112 ne
270 3071 339 3132 spes
354 3052 390 3113 ad
405 3051 556 3131 querelam
570 3053 693 3112 recidat.

429 3184 621 3248 FABVLA
641 3187 721 3249 xlx.

234 3283 422 3336 Ansoevs
438 3283 689 3339 Rusronnnu
708 3287 921 3343 omno,

139 3370 272 3448 Aesopus
286 3371 405 3431 domino
420 3371 500 3432 solus
514 3389 582 3433 oum
598 3379 675 3433 esset
689 3373 812 3444 familia,

97 3451 207 3514 Parare
223 3471 327 3514 cenam
342 3455 442 3516 iussus
457 3463 503 3517 est
517 3457 675 3519 maturius.
