2362 3854
508 224 617 281 LIBER
636 225 659 283 Ι.
779 272 781 277 ,

105 375 208 438 Facile
222 375 398 453 inpetravit:
421 373 492 434 dein
506 375 678 452 reposcenti
692 372 791 437 locum

105 460 216 521 Preces
231 459 375 528 admovit,
391 464 510 536 tempus
524 474 651 518 exorans
665 455 766 526 breve,

105 542 182 604 Dum
196 543 344 604 firmiores
358 541 472 603 catulos
485 547 587 619 posset
601 541 721 600 ducere.

106 626 172 687 Hoc
185 643 303 706 quoque
318 634 492 703 consumpto
506 623 641 702 flagitare
656 623 785 685 validius

107 709 213 772 Cubile
228 711 337 788 coepit.
363 707 395 769 Si
409 708 486 769 mihi
500 714 531 768 et
544 706 650 768 turbae
664 725 749 768 meae

106 793 179 864 Par,
195 794 307 873 inquit,
323 809 389 854 esse
404 793 552 871 potueris,
568 790 671 852 cedam
686 792 763 853 loco.

448 941 640 1002 FABVLA
660 942 726 1001 XX.

403 1037 539 1090 oms
556 1037 774 1092 mmmm.

152 1123 281 1186 Stultum
297 1122 456 1184 consilium
470 1140 529 1183 non
544 1121 631 1183 modo
646 1123 752 1184 effectu
765 1131 856 1196 earet,

108 1208 168 1270 Sed
184 1209 220 1269 ad
235 1209 401 1287 perniciem
416 1224 534 1287 quoque
548 1206 690 1268 mortales
703 1206 836 1269 devocat.

152 1292 272 1354 Corium
286 1291 460 1371 depressum
474 1291 507 1350 in
517 1289 607 1351 fluvio
620 1291 761 1352 viderunt
775 1309 873 1354 canes.

108 1376 142 1438 ld
157 1384 191 1437 ut
205 1392 337 1436 comesse
352 1380 517 1436 extractum
531 1381 653 1453 possent
666 1375 792 1445 facilius,
1166 1452 1170 1457 p

111 1461 223 1540 Aquam
237 1476 364 1537 coepere
380 1456 518 1519 ebibere:
540 1458 593 1519 sed
608 1460 689 1536 rupti
704 1461 789 1537 prius
1052 1467 1070 1520 o
1158 1511 1162 1517 .

109 1541 248 1614 Periere,
264 1559 352 1622 quam
367 1541 445 1621 quod
459 1543 608 1620 petierant
623 1544 838 1620 contingerent.

446 1691 638 1753 FABVLA
659 1693 739 1752 XXI.

167 1789 251 1842 LEO
269 1788 425 1851 SEN'EX,
442 1789 573 1852 Arme,
590 1789 761 1842 TAVRVS
777 1791 833 1842 ΕΤ
849 1791 1015 1845 eumve.

153 1873 454 1956 Quicumqueamisit
469 1876 642 1953 dignitatem
657 1877 824 1955 pristinam,

111 1958 230 2037 ignavis
245 1962 334 2020 etiam
349 1961 432 2020 iocus
447 1966 493 2020 est
506 1961 538 2019 in
544 1977 624 2025 ‚casu
638 1961 731 2036 gravi.

102 2052 106 2059 '
154 2042 294 2103 Defectus
309 2045 394 2103 annis
409 2048 440 2102 et
454 2042 590 2102 desertus
603 2041 718 2103 viribus

112 2126 174 2187 Leo
188 2142 257 2186 cum
270 2127 384 2185 iaceret
397 2126 537 2204 spiritum
551 2132 718 2185 extremum
732 2125 863 2197 trahens,

113 2211 194 2288 Aper
207 2208 359 2268 fulmineis
373 2208 411 2269 ad
425 2224 494 2268 eum
507 2209 590 2267 venit
604 2206 743 2269 dentibus
1055 2220 1073 2272 t

113 2292 152 2354 Et
166 2291 326 2353 vindicarit
340 2294 402 2353 ictu
416 2299 548 2351 retorem
563 2292 712 2356 iniuriam.

114 2376 234 2438 Infestis
248 2383 352 2443 taurus
366 2393 434 2438 mox
449 2375 583 2436 confodit
596 2375 738 2437 cornibus

114 2459 228 2521 llostile
244 2477 361 2540 corpus.
392 2460 515 2528 Asinus,
529 2465 564 2520 ut
578 2459 653 2520 vidit
661 2460 764 2521 *ferum

114 2544 228 2623 lnpuna
243 2544 336 2612 laedi,
353 2543 485 2605 calcibus
500 2543 629 2604 frontem
644 2544 769 2606 extudit.

115 2628 153 2687 nt
167 2626 217 2687 ille
232 2628 402 2706 exspiranst
432 2627 537 2688 Fortes
551 2626 674 2704 indigne
688 2627 744 2688 tuli

114 2710 188 2771 blihi
203 2710 361 2771 insultare:
384 2717 429 2780 ta,
445 2717 569 2772 naturae
585 2710 722 2782 dedecus,

118 2791 200 2864 Quod
215 2795 296 2855 ferre
311 2811 415 2872 cogor,
432 2800 513 2854 certe
529 2793 576 2856 bis
590 2795 693 2856 videor
707 2796 794 2857 morl.

441 2944 631 3005 rAanA
652 2945 748 3005 XXII.
782 2964 787 2969 ·

383 3039 585 3092 mvsnmhs
601 3042 657 3093 ΕΦ
674 3043 808 3096 Homo.
870 3068 872 3075 ·

159 3124 284 3186 Mustela
299 3124 335 3187 ab
350 3125 471 3187 homine
485 3144 593 3206 prensa
608 3145 676 3188 curn
690 3130 849 3190 instantem
863 3146 969 3193 necem

117 3208 256 3287 Effugere
270 3208 372 3270 vellet:
402 3209 533 3280 Quaeso,
548 3229 652 3291 parce,
668 3213 779 3292 inquit,
796 3213 879 3285 mihi,

118 3290 199 3362 Quae
214 3291 270 3353 tibi
287 3293 422 3355 molestis
435 3294 571 3356 muribus
585 3312 679 3375 purgo
694 3296 823 3358 domurn.

118 3374 284 3456 Respondit
297 3375 364 3437 ille:
392 3377 519 3440 Faceres
534 3382 560 3440 si
575 3397 662 3441 causa
676 3397 752 3450 mea,

121 3458 242 3522 Gratum
258 3469 338 3522 esset
351 3467 382 3522 et
395 3459 544 3524 dedissem
558 3465 678 3526 reniam
690 3463 853 3551 supplici.⁴
1000 3523 1027 3549 ,ὁ
1044 3524 1061 3550 ,-
1080 3460 1108 3502 ’ἢ
