2362 3854
118 189 160 256 38
222 205 225 209 '
398 195 559 250 PHAEDRI
579 195 803 253 FABVLARVM

450 412 645 472 FABVLA
665 414 749 474 XIII.

356 518 414 570 DE
433 517 576 570 monn
593 518 839 572 unebertum.

157 629 266 691 Vtilius
280 629 394 691 bomini
410 630 486 690 nibil
502 639 547 690 est
561 648 650 709 quam
664 637 747 692 recte
763 631 862 710 loqui:

116 713 272 776 Probanda
287 716 404 775 cunctis
418 720 464 774 est
478 713 599 794 quidem
615 717 773 786 sententia,

117 798 176 860 Sed
191 799 228 860 ad
242 800 408 878 perniciem
424 798 498 858 solet
513 800 561 874 agi
576 799 744 859 sinceritas.

157 881 232 944 Cum
246 901 278 943 se
292 884 425 944 ferarum
438 898 541 959 regern
556 881 678 943 fecisset
692 883 739 943 leo

114 966 153 1027 Et
168 969 329 1047 aequitatis
343 966 432 1027 vellet
446 966 556 1027 famam
570 968 722 1046 consequi,

114 1051 139 1112 A
153 1052 281 1130 pristina
295 1049 418 1111 desscxIt
432 1050 646 1112 consuetudine

114 1135 211 1214 Atque
226 1137 307 1195 Inter
320 1135 388 1196 illas
402 1136 487 1195 tenui
502 1141 660 1195 contentus
675 1133 743 1195 cibo

116 1218 224 1279 Sancta
238 1220 411 1298 incorrupta
425 1220 492 1278 iura
505 1217 651 1279 reddebat
665 1218 732 1279 fide,

115 1302 275 1383 Postquam
288 1301 392 1363 labare
407 1304 506 1382 coepIt
520 1305 713 1382 poenitentia,

525 1415 669 1457 *a*

450 1572 642 1632 FABVLA
664 1571 745 1632 XIV.

428 1685 766 1740 nocendumve.

526 1795 669 1835 istis*

157 1873 181 1934 Α
195 1873 315 1935 fictione
329 1874 442 1932 veretri
457 1871 589 1955 linguam
603 1870 748 1933 mulieris.

115 1956 305 2018 Adfinitatem
317 1959 410 2017 traxit
423 1954 494 2016 inde
510 1953 687 2016 obscenitas.

456 2140 649 2201 ranvnn
670 2141 736 2201 xv.
754 2195 773 2216 „

535 2247 655 2300 munt.

156 2358 282 2438 Rogavit
297 2358 385 2427 aiter,
400 2355 533 2418 tribadas
548 2365 579 2418 et
594 2359 699 2419 molles
713 2376 812 2421 mares

115 2442 196 2513 Quae
211 2444 287 2504 ratio
302 2441 508 2522 procreasset?
536 2440 682 2521 Exposuit
696 2462 802 2504 senex:

156 2527 238 2588 Idem
253 2525 463 2595 Prometheus,
479 2531 583 2586 auctor
596 2527 677 2605 vulgi
691 2527 800 2596 fictitis,

117 2609 182 2689 (Qui
197 2609 286 2671 simul
301 2610 424 2671 offendit
438 2609 475 2670 ad
489 2611 653 2681 fortunam,
669 2609 829 2690 frangitur)

113 2693 244 2755 Naturae
259 2702 374 2774 partes,
390 2700 472 2754 reste
486 2710 561 2771 quas
575 2693 651 2754 celat
664 2695 770 2773 pudor,

115 2778 189 2839 Cum
203 2780 364 2858 separatim
378 2784 441 2838 toto
456 2777 591 2837 finxisset
606 2776 664 2847 die,

114 2863 224 2941 Aptare
238 2881 307 2923 mox
321 2868 355 2922 ut
368 2868 471 2940 posset
484 2859 663 2939 corporibus
679 2864 750 2932 suis,

113 2946 158 3008 dd
173 2963 278 3007 cenam
293 2952 339 3005 est
353 2944 610 3007 inritatussubito
626 2944 778 3008 a-Libero.

113 3029 170 3090 Vbi
184 3031 333 3107 inrigatus
347 3029 440 3089 mrdto
455 3045 545 3089 venas
559 3037 681 3092 nectare

114 3113 188 3174 Sero
203 3114 324 3175 domum
338 3119 384 3173 est
398 3130 536 3174 reversus
551 3113 693 3176 titubanti
707 3114 794 3193 pede.

113 3198 191 3259 'Ium
205 3199 385 3259 semisomno
400 3196 489 3257 corde
505 3203 536 3257 et
550 3216 652 3259 errore
668 3196 753 3258 ebrio
826 3253 829 3258 .

113 3281 264 3360 Adplicub
278 3279 422 3359 virginale
437 3284 543 3358 generi
557 3280 688 3343 masculo

114 3364 151 3424 Et
165 3364 327 3427 masculina
341 3364 477 3426 membra
492 3365 635 3444 adplicuit
648 3366 779 3428 seminis.

111 3446 155 3508 Ita
168 3466 250 3509 nunc
264 3448 358 3510 libido
371 3467 464 3530 pravo
478 3449 591 3512 truttur
605 3451 724 3529 gaudio.

31 3568 115 3632 'h
