2362 3854
115 208 158 273 26
393 211 555 268 PHAEDRI
574 212 798 268 FABVLARVM

116 362 182 423 Non
197 364 352 422 evertisset
367 362 479 423 scelere
492 363 611 422 lunesto
626 362 754 423 domum.
1042 367 1077 421 bo

159 446 207 506 Nil
222 453 343 525 spernat
357 449 487 517 animus,
503 464 559 507 nec
573 453 673 506 tamen
688 446 790 507 credat
804 447 912 507 statim.

11 526 14 530 ’
116 529 360 609 Quandoquidem
376 537 406 590 et
419 530 463 590 illi
478 537 617 608 peccant,
633 549 707 610 quos
721 533 843 590 minime
858 538 956 610 putes

116 614 153 674 Et
167 616 219 694 qui
235 633 294 675 non
308 620 447 694 peccant,
463 617 664 692 inpugnantur
678 614 844 676 fraudibus.

158 700 220 759 Hoc
235 698 394 759 admonere
410 698 560 776 simplices
574 701 663 758 etiarn
677 706 785 777 potest,

116 783 263 863 Opinione
279 782 401 843 alterius
416 781 526 861 nequid
541 783 719 862 ponderent:

115 868 245 927 Ambitio
260 884 386 945 namque
403 866 551 926 dissidens
565 867 737 927 mortalium

115 952 173 1012 Aut
186 952 299 1028 gratiae
315 950 477 1011 subscribit
493 958 543 1010 aut
557 951 625 1010 odio
640 969 703 1011 suo.

114 1035 181 1096 Erit
195 1035 245 1095 ille
260 1041 361 1104 notus,
378 1053 466 1113 quem
481 1052 535 1113 per
550 1041 580 1094 te
596 1037 779 1112 cognoveris.

156 1119 236 1179 llaec
250 1125 408 1179 exsecutus
423 1137 488 1179 sum
501 1125 661 1197 propterea
675 1119 822 1198 pluribus,

114 1203 265 1263 Brevitate
279 1204 372 1262 nimia
387 1204 527 1281 quoniam
541 1203 683 1281 quosdam
698 1203 884 1264 offendimus.

462 1334 655 1412 suevia
676 1353 728 1412 xc.

310 1450 544 1502 Evmvcflvs
561 1450 620 1502 AD
638 1451 876 1505 INPROBVM.

156 1537 316 1598 Eunuchus
330 1535 466 1615 litigabat
481 1554 548 1595 cum
563 1537 690 1615 quodam
704 1536 840 1617 inprobo,

114 1623 170 1694 Qui
186 1640 276 1701 super
291 1621 421 1682 obscena
432 1620 511 1681 dicta
527 1628 557 1681 et
570 1621 707 1700 petulans
720 1623 851 1697 iurgium

113 1707 256 1767 Damnum
272 1707 434 1767 insectatus
448 1712 494 1765 est
508 1707 609 1765 amissi
623 1703 751 1765 roboris.

113 1791 174 1870 En,
190 1793 244 1859 ait,
260 1790 317 1849 hoc
331 1807 423 1851 unum
439 1797 499 1859 est,
515 1807 569 1849 cnr
583 1789 716 1849 laborem
730 1787 864 1859 validius,

113 1875 297 1952 Integritatis
309 1880 402 1934 testes
417 1875 487 1952 quia
501 1873 607 1932 desunt
620 1872 705 1932 mihi.

114 1958 171 2019 Sed
187 1958 258 2037 quid
272 1959 424 2026 fortunae,
441 1956 543 2026 stulte,
561 1955 699 2016 delictum
716 1957 838 2034 arguis?

113 2042 146 2103 ld
161 2043 280 2104 demum
295 2049 341 2103 est
354 2041 467 2101 homini
481 2047 584 2119 turpe,
601 2041 680 2119 quod
695 2044 805 2101 meruit
819 2043 892 2120 pati.

455 2191 644 2252 FABVLA
665 2192 733 2251 XII.

310 2290 476 2342 vas
492 2291 551 2341 AD
568 2290 870 2344 MARGARmM.

153 2379 188 2441 ln
203 2377 378 2456 sterquilino
392 2375 491 2455 pullus
506 2375 685 2452 gallinaceus

111 2464 187 2524 Dum
201 2463 320 2542 quaerit
334 2477 448 2530 escam,
463 2462 653 2536 margaritam
668 2462 811 2539 repperit.

111 2548 194 2607 laces
207 2547 331 2622 indigno
346 2550 455 2623 quanta
470 2560 519 2603 res
534 2546 645 2622 inquit,
661 2544 739 2603 loco!

111 2630 173 2691 Hoc
188 2631 282 2709 siquis
295 2629 386 2706 pretii
401 2627 526 2706 cupidus
539 2628 663 2687 vidisset
677 2629 731 2697 tui,

111 2714 189 2776 Olim
204 2714 334 2775 redisses
348 2710 385 2772 ad
400 2711 587 2789 splendorem
602 2713 772 2789 pristinum.

112 2799 172 2876 Ego
188 2798 267 2878 quod
280 2803 311 2856 te
326 2797 442 2865 inveni,
458 2795 555 2873 potior
569 2797 618 2855 cui
632 2794 725 2854 multo
740 2800 785 2856 est
799 2794 895 2866 cibus,

110 2882 172 2942 Nec
187 2881 243 2942 tibi
257 2880 399 2961 prodesse
414 2895 470 2939 nec
485 2879 558 2938 mihi
574 2881 732 2958 quicquam
746 2886 853 2959 potest

152 2966 214 3027 Hoc
228 2965 289 3026 illis
302 2982 406 3034 narro,
422 2964 474 3042 qui
489 2980 537 3023 me
552 2981 611 3023 non
626 2963 812 3041 intellegunt.

442 3114 632 3175 FABVLA
653 3114 736 3173 XIII.

276 3212 383 3266 APms
399 3212 454 3263 ΕΤ
473 3213 574 3264 FVGI
590 3211 728 3263 VESPA
745 3210 903 3266 IVDIGE.

149 3303 228 3381 Apes
242 3300 274 3361 in
289 3299 346 3360 alta
360 3299 495 3358 fecerant
508 3291 621 3376 quercu
635 3296 729 3357 favos:

109 3386 169 3447 llos
183 3386 244 3446 luci
259 3385 372 3444 inertes
386 3400 452 3443 esse
467 3380 605 3444 dicebant
620 3398 698 3442 snos.
747 3424 753 3436 .

100 3470 157 3528 Lr‘s
167 3469 207 3528 ad
219 3468 319 3528 iorum
336 3467 461 3528 deducta
477 3473 534 3537 est,
551 3483 640 3546 vespa
654 3466 764 3528 iudice.
