<?xml version="1.0" encoding="UTF-8"?>
<!DOCTYPE html PUBLIC "-//W3C//DTD XHTML 1.0 Transitional//EN"
    "http://www.w3.org/TR/xhtml1/DTD/xhtml1-transitional.dtd">
<html xmlns="http://www.w3.org/1999/xhtml" xml:lang="en" lang="en">
 <head>
  <title>
</title>
<meta http-equiv="Content-Type" content="text/html;charset=utf-8" />
  <meta name='ocr-system' content='tesseract 3.04.00' />
  <meta name='ocr-capabilities' content='ocr_page ocr_carea ocr_par ocr_line ocrx_word'/>
</head>
<body>
  <div class='ocr_page' id='page_1' title='image "./phaedriavgvstil00phaegoog_0020.png"; bbox 0 0 2362 3854; ppageno 0'>
   <div class='ocr_carea' id='block_1_1' title="bbox 278 217 1126 312">
    <p class='ocr_par' dir='ltr' id='par_1_1' title="bbox 278 217 1126 312">
     <span class='ocr_line' id='line_1_1' title="bbox 278 217 1126 312; baseline 0.004 -37"><span class='ocrx_word' id='word_1_1' title='bbox 278 219 327 276; x_wconf 77' lang='lat' dir='ltr'><strong>Du</strong></span> <span class='ocrx_word' id='word_1_2' title='bbox 341 219 504 275; x_wconf 75' lang='lat' dir='ltr'><strong>PHAMDRI</strong></span> <span class='ocrx_word' id='word_1_3' title='bbox 517 218 605 276; x_wconf 86' lang='lat' dir='ltr'><strong>VITA</strong></span> <span class='ocrx_word' id='word_1_4' title='bbox 618 219 666 274; x_wconf 80' lang='grc' dir='ltr'><strong>ΕΤ</strong></span> <span class='ocrx_word' id='word_1_5' title='bbox 680 217 847 276; x_wconf 68' lang='lat' dir='ltr'><strong>sennua.</strong></span> <span class='ocrx_word' id='word_1_6' title='bbox 978 230 1044 278; x_wconf 86' lang='lat' dir='ltr'><strong>xm</strong></span> <span class='ocrx_word' id='word_1_7' title='bbox 1123 307 1126 312; x_wconf 85' lang='lat'><strong>.</strong></span> 
     </span>
    </p>
   </div>
   <div class='ocr_carea' id='block_1_2' title="bbox 76 363 1044 1615">
    <p class='ocr_par' dir='ltr' id='par_1_2' title="bbox 77 363 1044 1185">
     <span class='ocr_line' id='line_1_2' title="bbox 80 363 1043 438; baseline -0.002 -7"><span class='ocrx_word' id='word_1_8' title='bbox 80 363 116 438; x_wconf 89' lang='grc'><strong>6,</strong></span> <span class='ocrx_word' id='word_1_9' title='bbox 132 363 153 430; x_wconf 83' lang='grc'><strong>0</strong></span> <span class='ocrx_word' id='word_1_10' title='bbox 173 387 242 430; x_wconf 91' lang='lat' dir='ltr'><strong>nam</strong></span> <span class='ocrx_word' id='word_1_11' title='bbox 258 374 288 430; x_wconf 89' lang='lat' dir='ltr'><strong>et</strong></span> <span class='ocrx_word' id='word_1_12' title='bbox 302 368 356 430; x_wconf 90' lang='lat' dir='ltr'><strong>ubi</strong></span> <span class='ocrx_word' id='word_1_13' title='bbox 377 369 546 430; x_wconf 89' lang='lat' dir='ltr'><strong>tricandum</strong></span> <span class='ocrx_word' id='word_1_14' title='bbox 562 375 592 428; x_wconf 88' lang='lat' dir='ltr'><strong>et</strong></span> <span class='ocrx_word' id='word_1_15' title='bbox 607 368 660 429; x_wconf 90' lang='lat' dir='ltr'><strong>ubi</strong></span> <span class='ocrx_word' id='word_1_16' title='bbox 675 369 857 430; x_wconf 87' lang='lat' dir='ltr'><strong>currendum</strong></span> <span class='ocrx_word' id='word_1_17' title='bbox 869 371 912 429; x_wconf 90' lang='lat' dir='ltr'><strong>sit</strong></span> <span class='ocrx_word' id='word_1_18' title='bbox 926 371 988 430; x_wconf 89' lang='lat' dir='ltr'><strong>scio</strong></span> <span class='ocrx_word' id='word_1_19' title='bbox 1001 402 1043 417; x_wconf 90' lang='lat'><em>-</em></span> 
     </span>
     <span class='ocr_line' id='line_1_3' title="bbox 80 448 1042 531; baseline 0.001 -18"><span class='ocrx_word' id='word_1_20' title='bbox 80 452 133 513; x_wconf 92' lang='lat' dir='ltr'><strong>uhi</strong></span> <span class='ocrx_word' id='word_1_21' title='bbox 154 455 193 514; x_wconf 93' lang='lat' dir='ltr'><strong>sit</strong></span> <span class='ocrx_word' id='word_1_22' title='bbox 205 452 384 514; x_wconf 71' lang='lat' dir='ltr'><strong>&#39;tardandum</strong></span> <span class='ocrx_word' id='word_1_23' title='bbox 400 460 430 514; x_wconf 89' lang='lat' dir='ltr'><strong>et</strong></span> <span class='ocrx_word' id='word_1_24' title='bbox 443 453 523 515; x_wconf 88' lang='lat' dir='ltr'><strong>ultro</strong></span> <span class='ocrx_word' id='word_1_25' title='bbox 546 452 729 513; x_wconf 90' lang='lat' dir='ltr'><strong>currendum</strong></span> <span class='ocrx_word' id='word_1_26' title='bbox 744 455 816 514; x_wconf 85' lang='lat' dir='ltr'><strong>scio.</strong></span> <span class='ocrx_word' id='word_1_27' title='bbox 862 451 896 523; x_wconf 80' lang='grc'><strong>1,</strong></span> <span class='ocrx_word' id='word_1_28' title='bbox 912 448 955 531; x_wconf 90' lang='grc'><strong>25</strong></span> <span class='ocrx_word' id='word_1_29' title='bbox 977 470 1042 531; x_wconf 80' lang='lat' dir='ltr'><strong>age,</strong></span> 
     </span>
     <span class='ocr_line' id='line_1_4' title="bbox 80 535 1042 616; baseline 0.001 -19"><span class='ocrx_word' id='word_1_30' title='bbox 80 535 164 597; x_wconf 87' lang='lat' dir='ltr'><strong>abire</strong></span> <span class='ocrx_word' id='word_1_31' title='bbox 184 539 270 616; x_wconf 85' lang='lat' dir='ltr'><strong>siquo</strong></span> <span class='ocrx_word' id='word_1_32' title='bbox 291 545 337 598; x_wconf 90' lang='lat' dir='ltr'><strong>est</strong></span> <span class='ocrx_word' id='word_1_33' title='bbox 357 539 474 598; x_wconf 89' lang='lat' dir='ltr'><strong>animus</strong></span> <span class='ocrx_word' id='word_1_34' title='bbox 494 537 528 597; x_wconf 89' lang='lat' dir='ltr'><strong>L.</strong></span> <span class='ocrx_word' id='word_1_35' title='bbox 543 536 582 596; x_wconf 89' lang='grc' dir='ltr'><strong>Μ.</strong></span> <span class='ocrx_word' id='word_1_36' title='bbox 604 570 647 582; x_wconf 88' lang='grc'>-</span> <span class='ocrx_word' id='word_1_37' title='bbox 668 554 721 614; x_wconf 84' lang='lat' dir='ltr'><strong>age</strong></span> <span class='ocrx_word' id='word_1_38' title='bbox 743 538 770 598; x_wconf 95' lang='lat' dir='ltr'><strong>si</strong></span> <span class='ocrx_word' id='word_1_39' title='bbox 790 555 848 615; x_wconf 92' lang='lat' dir='ltr'><strong>quo</strong></span> <span class='ocrx_word' id='word_1_40' title='bbox 870 537 954 598; x_wconf 82' lang='lat' dir='ltr'><strong>abire</strong></span> <span class='ocrx_word' id='word_1_41' title='bbox 972 555 999 598; x_wconf 92' lang='lat' dir='ltr'><strong>e.</strong></span> <span class='ocrx_word' id='word_1_42' title='bbox 1016 556 1042 598; x_wconf 92' lang='lat' dir='ltr'><strong>a.</strong></span> 
     </span>
     <span class='ocr_line' id='line_1_5' title="bbox 81 617 1043 690; baseline 0.001 -10"><span class='ocrx_word' id='word_1_43' title='bbox 81 617 136 690; x_wconf 89' lang='grc'><strong>10,</strong></span> <span class='ocrx_word' id='word_1_44' title='bbox 156 617 199 688; x_wconf 89' lang='grc'><strong>49</strong></span> <span class='ocrx_word' id='word_1_45' title='bbox 220 623 421 684; x_wconf 85' lang='lat' dir='ltr'><strong>rimasset-</strong></span> <span class='ocrx_word' id='word_1_46' title='bbox 445 621 587 683; x_wconf 88' lang='lat' dir='ltr'><strong>limasset.</strong></span> <span class='ocrx_word' id='word_1_47' title='bbox 631 620 673 682; x_wconf 89' lang='lat' dir='ltr'><strong>ib.</strong></span> <span class='ocrx_word' id='word_1_48' title='bbox 690 617 731 681; x_wconf 85' lang='lat'><strong>51</strong></span> <span class='ocrx_word' id='word_1_49' title='bbox 755 622 871 682; x_wconf 87' lang='lat' dir='ltr'><strong>animus</strong></span> <span class='ocrx_word' id='word_1_50' title='bbox 893 621 927 682; x_wconf 92' lang='lat' dir='ltr'><strong>L.</strong></span> <span class='ocrx_word' id='word_1_51' title='bbox 942 620 981 681; x_wconf 89' lang='grc' dir='ltr'><strong>Μ.</strong></span> <span class='ocrx_word' id='word_1_52' title='bbox 1002 655 1043 666; x_wconf 90' lang='lat'><em>-</em></span> 
     </span>
     <span class='ocr_line' id='line_1_6' title="bbox 79 701 1044 785; baseline 0.001 -20"><span class='ocrx_word' id='word_1_53' title='bbox 79 707 170 766; x_wconf 92' lang='lat' dir='ltr'><strong>auris.</strong></span> <span class='ocrx_word' id='word_1_54' title='bbox 203 701 252 776; x_wconf 89' lang='lat'><strong>11,</strong></span> <span class='ocrx_word' id='word_1_55' title='bbox 268 702 288 768; x_wconf 87' lang='lat'><strong>3</strong></span> <span class='ocrx_word' id='word_1_56' title='bbox 309 704 430 767; x_wconf 90' lang='lat' dir='ltr'><strong>roboris</strong></span> <span class='ocrx_word' id='word_1_57' title='bbox 443 739 487 750; x_wconf 93' lang='lat'><em>-</em></span> <span class='ocrx_word' id='word_1_58' title='bbox 501 707 645 785; x_wconf 90' lang='lat' dir='ltr'><strong>corporis.</strong></span> <span class='ocrx_word' id='word_1_59' title='bbox 678 701 727 775; x_wconf 86' lang='lat'><strong>13,</strong></span> <span class='ocrx_word' id='word_1_60' title='bbox 745 701 763 764; x_wconf 95' lang='lat'>1</span> <span class='ocrx_word' id='word_1_61' title='bbox 780 705 916 765; x_wconf 81' lang='lat' dir='ltr'><strong>fecerant</strong></span> <span class='ocrx_word' id='word_1_62' title='bbox 930 722 1044 784; x_wconf 90' lang='lat' dir='ltr'><strong>quercu</strong></span> 
     </span>
     <span class='ocr_line' id='line_1_7' title="bbox 78 786 1042 869; baseline -0.002 -19"><span class='ocrx_word' id='word_1_63' title='bbox 78 822 120 833; x_wconf 92' lang='lat'><em>-</em></span> <span class='ocrx_word' id='word_1_64' title='bbox 134 806 247 869; x_wconf 88' lang='lat' dir='ltr'><strong>quercu</strong></span> <span class='ocrx_word' id='word_1_65' title='bbox 266 791 411 853; x_wconf 82' lang='lat' dir='ltr'><strong>fecerant.</strong></span> <span class='ocrx_word' id='word_1_66' title='bbox 448 789 491 850; x_wconf 86' lang='lat' dir='ltr'><strong>ib.</strong></span> <span class='ocrx_word' id='word_1_67' title='bbox 508 786 548 851; x_wconf 85' lang='lat'><strong>13</strong></span> <span class='ocrx_word' id='word_1_68' title='bbox 569 790 620 851; x_wconf 84' lang='lat' dir='ltr'><strong>tali</strong></span> <span class='ocrx_word' id='word_1_69' title='bbox 636 791 684 851; x_wconf 90' lang='lat' dir='ltr'><strong>ius</strong></span> <span class='ocrx_word' id='word_1_70' title='bbox 699 789 770 851; x_wconf 90' lang='lat' dir='ltr'><strong>tulit</strong></span> <span class='ocrx_word' id='word_1_71' title='bbox 791 791 938 849; x_wconf 90' lang='lat' dir='ltr'><strong>sententia</strong></span> <span class='ocrx_word' id='word_1_72' title='bbox 953 788 987 849; x_wconf 91' lang='lat' dir='ltr'><strong>L.</strong></span> <span class='ocrx_word' id='word_1_73' title='bbox 1003 788 1042 849; x_wconf 89' lang='grc' dir='ltr'><strong>Μ.</strong></span> 
     </span>
     <span class='ocr_line' id='line_1_8' title="bbox 77 870 1041 953; baseline -0.001 -19"><span class='ocrx_word' id='word_1_74' title='bbox 77 906 121 920; x_wconf 84' lang='grc'>-</span> <span class='ocrx_word' id='word_1_75' title='bbox 135 874 225 935; x_wconf 89' lang='lat' dir='ltr'><strong>talem</strong></span> <span class='ocrx_word' id='word_1_76' title='bbox 245 875 372 953; x_wconf 87' lang='lat' dir='ltr'><strong>protulit</strong></span> <span class='ocrx_word' id='word_1_77' title='bbox 393 876 581 938; x_wconf 86' lang='lat' dir='ltr'><strong>sententiam.</strong></span> <span class='ocrx_word' id='word_1_78' title='bbox 619 870 708 943; x_wconf 84' lang='lat'><strong>15,1</strong></span> <span class='ocrx_word' id='word_1_79' title='bbox 730 872 843 952; x_wconf 91' lang='lat' dir='ltr'><strong>palanti</strong></span> <span class='ocrx_word' id='word_1_80' title='bbox 857 906 900 918; x_wconf 89' lang='lat'><strong>--</strong></span> <span class='ocrx_word' id='word_1_81' title='bbox 921 870 1041 933; x_wconf 84' lang='lat' dir='ltr'><strong>balanti.</strong></span> 
     </span>
     <span class='ocr_line' id='line_1_9' title="bbox 80 952 1042 1026; baseline 0 -10"><span class='ocrx_word' id='word_1_82' title='bbox 80 953 170 1026; x_wconf 84' lang='lat'><strong>18,3</strong></span> <span class='ocrx_word' id='word_1_83' title='bbox 196 957 363 1018; x_wconf 87' lang='lat' dir='ltr'><strong>avibus-</strong></span> <span class='ocrx_word' id='word_1_84' title='bbox 383 956 518 1019; x_wconf 89' lang='lat' dir='ltr'><strong>auribus.</strong></span> <span class='ocrx_word' id='word_1_85' title='bbox 564 954 618 1026; x_wconf 87' lang='grc'><strong>19,</strong></span> <span class='ocrx_word' id='word_1_86' title='bbox 639 952 661 1018; x_wconf 91' lang='grc'><strong>5</strong></span> <span class='ocrx_word' id='word_1_87' title='bbox 682 958 900 1017; x_wconf 87' lang='lat' dir='ltr'><strong>circumeunti</strong></span> <span class='ocrx_word' id='word_1_88' title='bbox 922 990 964 1001; x_wconf 90' lang='lat'><em>-</em></span> <span class='ocrx_word' id='word_1_89' title='bbox 984 959 1042 1017; x_wconf 91' lang='lat' dir='ltr'><strong>oir-</strong></span> 
     </span>
     <span class='ocr_line' id='line_1_10' title="bbox 78 1037 1042 1120; baseline 0 -20"><span class='ocrx_word' id='word_1_90' title='bbox 78 1042 211 1101; x_wconf 86' lang='lat' dir='ltr'><strong>cueunti.</strong></span> <span class='ocrx_word' id='word_1_91' title='bbox 254 1041 324 1119; x_wconf 89' lang='lat' dir='ltr'><strong>epil.</strong></span> <span class='ocrx_word' id='word_1_92' title='bbox 344 1037 366 1100; x_wconf 93' lang='grc'><strong>2</strong></span> <span class='ocrx_word' id='word_1_93' title='bbox 391 1049 459 1101; x_wconf 79' lang='lat' dir='ltr'><strong>&#39;esse</strong></span> <span class='ocrx_word' id='word_1_94' title='bbox 480 1041 583 1102; x_wconf 87' lang='lat' dir='ltr'><strong>videar</strong></span> <span class='ocrx_word' id='word_1_95' title='bbox 602 1059 641 1101; x_wconf 91' lang='lat' dir='ltr'><strong>ne</strong></span> <span class='ocrx_word' id='word_1_96' title='bbox 662 1039 719 1101; x_wconf 92' lang='lat' dir='ltr'><strong>tibi</strong></span> <span class='ocrx_word' id='word_1_97' title='bbox 738 1073 781 1085; x_wconf 94' lang='lat'><em>-</em></span> <span class='ocrx_word' id='word_1_98' title='bbox 800 1058 848 1120; x_wconf 90' lang='lat' dir='ltr'><strong>pr.</strong></span> <span class='ocrx_word' id='word_1_99' title='bbox 869 1058 896 1100; x_wconf 88' lang='lat' dir='ltr'><strong>e.</strong></span> <span class='ocrx_word' id='word_1_100' title='bbox 918 1058 948 1100; x_wconf 91' lang='lat' dir='ltr'><strong>n.</strong></span> <span class='ocrx_word' id='word_1_101' title='bbox 970 1047 993 1101; x_wconf 92' lang='lat' dir='ltr'><strong>t.</strong></span> <span class='ocrx_word' id='word_1_102' title='bbox 1014 1059 1042 1101; x_wconf 82' lang='lat' dir='ltr'><strong>r.</strong></span> 
     </span>
     <span class='ocr_line' id='line_1_11' title="bbox 78 1120 652 1185; baseline 0.002 -2"><span class='ocrx_word' id='word_1_103' title='bbox 78 1122 121 1183; x_wconf 92' lang='lat' dir='ltr'><strong>ib.</strong></span> <span class='ocrx_word' id='word_1_104' title='bbox 139 1120 178 1184; x_wconf 90' lang='lat'><strong>18</strong></span> <span class='ocrx_word' id='word_1_105' title='bbox 193 1123 321 1185; x_wconf 77' lang='lat' dir='ltr'><strong>benficio</strong></span> <span class='ocrx_word' id='word_1_106' title='bbox 335 1123 369 1185; x_wconf 91' lang='lat' dir='ltr'><strong>L.</strong></span> <span class='ocrx_word' id='word_1_107' title='bbox 385 1123 424 1184; x_wconf 93' lang='grc' dir='ltr'><strong>Μ.</strong></span> <span class='ocrx_word' id='word_1_108' title='bbox 439 1158 482 1169; x_wconf 91' lang='grc'>-</span> <span class='ocrx_word' id='word_1_109' title='bbox 496 1123 652 1185; x_wconf 83' lang='grc'><strong>11111111.</strong></span> 
     </span>
    </p>

    <p class='ocr_par' dir='ltr' id='par_1_3' title="bbox 76 1206 1043 1615">
     <span class='ocr_line' id='line_1_12' title="bbox 140 1206 1042 1288; baseline 0.003 -21"><span class='ocrx_word' id='word_1_110' title='bbox 140 1206 188 1268; x_wconf 82' lang='lat' dir='ltr'><strong>lv.</strong></span> <span class='ocrx_word' id='word_1_111' title='bbox 217 1208 293 1287; x_wconf 91' lang='lat' dir='ltr'><strong>prol.</strong></span> <span class='ocrx_word' id='word_1_112' title='bbox 308 1206 331 1267; x_wconf 90' lang='grc'>4</span> <span class='ocrx_word' id='word_1_113' title='bbox 349 1207 418 1270; x_wconf 83' lang='lat' dir='ltr'><strong>talis</strong></span> <span class='ocrx_word' id='word_1_114' title='bbox 433 1211 523 1271; x_wconf 86' lang='lat' dir='ltr'><strong>etiam</strong></span> <span class='ocrx_word' id='word_1_115' title='bbox 538 1209 618 1270; x_wconf 90' lang='lat' dir='ltr'><strong>tituli</strong></span> <span class='ocrx_word' id='word_1_116' title='bbox 634 1215 681 1269; x_wconf 87' lang='lat' dir='ltr'><strong>est</strong></span> <span class='ocrx_word' id='word_1_117' title='bbox 694 1215 838 1288; x_wconf 90' lang='lat' dir='ltr'><strong>appetens</strong></span> <span class='ocrx_word' id='word_1_118' title='bbox 852 1241 895 1254; x_wconf 91' lang='lat'>-</span> <span class='ocrx_word' id='word_1_119' title='bbox 915 1214 938 1270; x_wconf 93' lang='lat' dir='ltr'><strong>t.</strong></span> <span class='ocrx_word' id='word_1_120' title='bbox 954 1215 1000 1270; x_wconf 91' lang='lat' dir='ltr'><strong>est</strong></span> <span class='ocrx_word' id='word_1_121' title='bbox 1015 1227 1042 1270; x_wconf 90' lang='lat' dir='ltr'><strong>e.</strong></span> 
     </span>
     <span class='ocr_line' id='line_1_13' title="bbox 77 1287 1043 1373; baseline 0.002 -21"><span class='ocrx_word' id='word_1_122' title='bbox 77 1299 99 1352; x_wconf 94' lang='lat' dir='ltr'><strong>t.</strong></span> <span class='ocrx_word' id='word_1_123' title='bbox 116 1310 143 1352; x_wconf 92' lang='lat' dir='ltr'><strong>a.</strong></span> <span class='ocrx_word' id='word_1_124' title='bbox 178 1291 220 1352; x_wconf 90' lang='lat' dir='ltr'><strong>ih.</strong></span> <span class='ocrx_word' id='word_1_125' title='bbox 235 1287 257 1353; x_wconf 85' lang='lat'>5</span> <span class='ocrx_word' id='word_1_126' title='bbox 278 1310 336 1372; x_wconf 90' lang='lat' dir='ltr'><strong>quo</strong></span> <span class='ocrx_word' id='word_1_127' title='bbox 358 1311 418 1353; x_wconf 92' lang='lat' dir='ltr'><strong>non</strong></span> <span class='ocrx_word' id='word_1_128' title='bbox 438 1300 526 1373; x_wconf 91' lang='lat' dir='ltr'><strong>pacto</strong></span> <span class='ocrx_word' id='word_1_129' title='bbox 546 1292 701 1371; x_wconf 81' lang='lat' dir='ltr'><strong>indagabit</strong></span> <span class='ocrx_word' id='word_1_130' title='bbox 721 1294 755 1354; x_wconf 91' lang='lat' dir='ltr'><strong>L.</strong></span> <span class='ocrx_word' id='word_1_131' title='bbox 771 1293 810 1353; x_wconf 94' lang='lat' dir='ltr'><strong>M.</strong></span> <span class='ocrx_word' id='word_1_132' title='bbox 825 1327 868 1338; x_wconf 89' lang='lat'><em>-</em></span> <span class='ocrx_word' id='word_1_133' title='bbox 882 1312 942 1373; x_wconf 92' lang='lat' dir='ltr'><strong>quo</strong></span> <span class='ocrx_word' id='word_1_134' title='bbox 957 1301 1043 1373; x_wconf 85' lang='lat' dir='ltr'><strong>pacto</strong></span> 
     </span>
     <span class='ocr_line' id='line_1_14' title="bbox 77 1373 1043 1456; baseline 0.003 -20"><span class='ocrx_word' id='word_1_135' title='bbox 77 1375 303 1438; x_wconf 73' lang='lat' dir='ltr'><strong>demonstrabit.</strong></span> <span class='ocrx_word' id='word_1_136' title='bbox 328 1376 370 1437; x_wconf 90' lang='lat' dir='ltr'><strong>ib.</strong></span> <span class='ocrx_word' id='word_1_137' title='bbox 385 1373 425 1436; x_wconf 93' lang='grc'><strong>12</strong></span> <span class='ocrx_word' id='word_1_138' title='bbox 439 1377 509 1456; x_wconf 87' lang='lat' dir='ltr'><strong>quia</strong></span> <span class='ocrx_word' id='word_1_139' title='bbox 523 1394 634 1456; x_wconf 86' lang='lat' dir='ltr'><strong>paucas</strong></span> <span class='ocrx_word' id='word_1_140' title='bbox 647 1376 698 1439; x_wconf 88' lang='lat' dir='ltr'><strong>iile</strong></span> <span class='ocrx_word' id='word_1_141' title='bbox 714 1377 854 1446; x_wconf 85' lang='lat' dir='ltr'><strong>ostendit,</strong></span> <span class='ocrx_word' id='word_1_142' title='bbox 871 1394 926 1455; x_wconf 85' lang='lat' dir='ltr'><strong>ego</strong></span> <span class='ocrx_word' id='word_1_143' title='bbox 941 1378 1043 1456; x_wconf 85' lang='lat' dir='ltr'><strong>plures</strong></span> 
     </span>
     <span class='ocr_line' id='line_1_15' title="bbox 76 1458 1043 1539; baseline 0.003 -19"><span class='ocrx_word' id='word_1_144' title='bbox 76 1460 142 1520; x_wconf 85' lang='lat' dir='ltr'><strong>iero</strong></span> <span class='ocrx_word' id='word_1_145' title='bbox 156 1494 199 1505; x_wconf 94' lang='lat'><em>-</em></span> <span class='ocrx_word' id='word_1_146' title='bbox 212 1478 243 1539; x_wconf 87' lang='lat' dir='ltr'><strong>p.</strong></span> <span class='ocrx_word' id='word_1_147' title='bbox 260 1478 287 1520; x_wconf 87' lang='lat' dir='ltr'><strong>o.</strong></span> <span class='ocrx_word' id='word_1_148' title='bbox 304 1462 335 1531; x_wconf 94' lang='lat' dir='ltr'><strong>i.,</strong></span> <span class='ocrx_word' id='word_1_149' title='bbox 351 1478 378 1522; x_wconf 88' lang='grc'><strong>1.</strong></span> <span class='ocrx_word' id='word_1_150' title='bbox 394 1461 497 1539; x_wconf 88' lang='lat' dir='ltr'><strong>plures</strong></span> <span class='ocrx_word' id='word_1_151' title='bbox 510 1462 636 1522; x_wconf 91' lang='lat' dir='ltr'><strong>dissero.</strong></span> <span class='ocrx_word' id='word_1_152' title='bbox 665 1458 729 1530; x_wconf 83' lang='lat'><strong>2,1</strong></span> <span class='ocrx_word' id='word_1_153' title='bbox 744 1461 875 1523; x_wconf 85' lang='lat' dir='ltr'><strong>ioculare</strong></span> <span class='ocrx_word' id='word_1_154' title='bbox 891 1460 947 1522; x_wconf 86' lang='lat' dir='ltr'><strong>tihi</strong></span> <span class='ocrx_word' id='word_1_155' title='bbox 961 1462 1043 1523; x_wconf 85' lang='lat' dir='ltr'><strong>ride·</strong></span> 
     </span>
     <span class='ocr_line' id='line_1_16' title="bbox 78 1541 1041 1615; baseline 0.002 -11"><span class='ocrx_word' id='word_1_156' title='bbox 78 1551 128 1605; x_wconf 88' lang='lat' dir='ltr'><strong>tur</strong></span> <span class='ocrx_word' id='word_1_157' title='bbox 158 1576 202 1590; x_wconf 90' lang='lat'><strong>—·</strong></span> <span class='ocrx_word' id='word_1_158' title='bbox 230 1544 356 1606; x_wconf 85' lang='lat' dir='ltr'><strong>ioculari</strong></span> <span class='ocrx_word' id='word_1_159' title='bbox 385 1543 442 1606; x_wconf 89' lang='lat' dir='ltr'><strong>tibi</strong></span> <span class='ocrx_word' id='word_1_160' title='bbox 470 1544 615 1606; x_wconf 83' lang='lat' dir='ltr'><strong>ridemur.</strong></span> <span class='ocrx_word' id='word_1_161' title='bbox 659 1545 702 1605; x_wconf 87' lang='lat' dir='ltr'><strong>ib.</strong></span> <span class='ocrx_word' id='word_1_162' title='bbox 726 1541 765 1606; x_wconf 83' lang='lat'><strong>15</strong></span> <span class='ocrx_word' id='word_1_163' title='bbox 792 1545 867 1606; x_wconf 87' lang='lat' dir='ltr'><strong>alter</strong></span> <span class='ocrx_word' id='word_1_164' title='bbox 893 1545 1041 1615; x_wconf 86' lang='lat' dir='ltr'><strong>similiter,</strong></span> 
     </span>
    </p>
   </div>
   <div class='ocr_carea' id='block_1_3' title="bbox 77 1625 1161 1711">
    <p class='ocr_par' dir='ltr' id='par_1_4' title="bbox 77 1625 1161 1711">
     <span class='ocr_line' id='line_1_17' title="bbox 77 1625 1161 1711; baseline 0.003 -24"><span class='ocrx_word' id='word_1_165' title='bbox 77 1627 185 1688; x_wconf 91' lang='lat' dir='ltr'><strong>deinde</strong></span> <span class='ocrx_word' id='word_1_166' title='bbox 205 1629 286 1706; x_wconf 87' lang='lat' dir='ltr'><strong>perit</strong></span> <span class='ocrx_word' id='word_1_167' title='bbox 306 1634 336 1688; x_wconf 88' lang='lat' dir='ltr'><strong>et</strong></span> <span class='ocrx_word' id='word_1_168' title='bbox 358 1630 465 1689; x_wconf 91' lang='lat' dir='ltr'><strong>tertius</strong></span> <span class='ocrx_word' id='word_1_169' title='bbox 484 1662 527 1675; x_wconf 92' lang='lat'>-</span> <span class='ocrx_word' id='word_1_170' title='bbox 541 1649 568 1689; x_wconf 88' lang='lat' dir='ltr'><strong>a.</strong></span> <span class='ocrx_word' id='word_1_171' title='bbox 584 1647 608 1689; x_wconf 91' lang='lat' dir='ltr'><strong>s.</strong></span> <span class='ocrx_word' id='word_1_172' title='bbox 624 1631 731 1708; x_wconf 85' lang='lat' dir='ltr'><strong>periit,</strong></span> <span class='ocrx_word' id='word_1_173' title='bbox 755 1625 863 1689; x_wconf 87' lang='lat' dir='ltr'><strong>deinde</strong></span> <span class='ocrx_word' id='word_1_174' title='bbox 879 1637 910 1689; x_wconf 91' lang='grc'><strong>11</strong></span> <span class='ocrx_word' id='word_1_175' title='bbox 922 1631 1042 1690; x_wconf 77' lang='lat' dir='ltr'><strong>tertius,</strong></span> <span class='ocrx_word' id='word_1_176' title='bbox 1159 1706 1161 1711; x_wconf 21' lang='grc' dir='ltr'>Ι</span> 
     </span>
    </p>
   </div>
   <div class='ocr_carea' id='block_1_4' title="bbox 76 1707 1042 1877">
    <p class='ocr_par' dir='ltr' id='par_1_5' title="bbox 76 1707 1042 1877">
     <span class='ocr_line' id='line_1_18' title="bbox 76 1707 1042 1793; baseline 0.003 -23"><span class='ocrx_word' id='word_1_177' title='bbox 76 1707 106 1780; x_wconf 94' lang='grc'><strong>4,</strong></span> <span class='ocrx_word' id='word_1_178' title='bbox 122 1708 143 1773; x_wconf 87' lang='lat'>5</span> <span class='ocrx_word' id='word_1_179' title='bbox 157 1712 237 1773; x_wconf 84' lang='lat' dir='ltr'><strong>red1t</strong></span> <span class='ocrx_word' id='word_1_180' title='bbox 250 1745 293 1756; x_wconf 91' lang='lat'>-</span> <span class='ocrx_word' id='word_1_181' title='bbox 306 1711 406 1773; x_wconf 88' lang='lat' dir='ltr'><strong>rediit.</strong></span> <span class='ocrx_word' id='word_1_182' title='bbox 433 1710 463 1782; x_wconf 84' lang='lat'><strong>5,</strong></span> <span class='ocrx_word' id='word_1_183' title='bbox 479 1708 521 1774; x_wconf 85' lang='lat'><strong>38</strong></span> <span class='ocrx_word' id='word_1_184' title='bbox 541 1713 699 1791; x_wconf 88' lang='lat' dir='ltr'><strong>villamque</strong></span> <span class='ocrx_word' id='word_1_185' title='bbox 713 1745 756 1756; x_wconf 89' lang='lat'>—</span> <span class='ocrx_word' id='word_1_186' title='bbox 770 1715 854 1773; x_wconf 86' lang='lat' dir='ltr'><strong>vites.</strong></span> <span class='ocrx_word' id='word_1_187' title='bbox 882 1709 918 1782; x_wconf 88' lang='grc'><strong>6,</strong></span> <span class='ocrx_word' id='word_1_188' title='bbox 933 1708 955 1772; x_wconf 94' lang='grc'><strong>2</strong></span> <span class='ocrx_word' id='word_1_189' title='bbox 970 1731 1042 1793; x_wconf 90' lang='lat' dir='ltr'><strong>quo-</strong></span> 
     </span>
     <span class='ocr_line' id='line_1_19' title="bbox 77 1793 1039 1877; baseline 0.003 -22"><span class='ocrx_word' id='word_1_190' title='bbox 77 1813 144 1856; x_wconf 91' lang='lat' dir='ltr'><strong>rum</strong></span> <span class='ocrx_word' id='word_1_191' title='bbox 165 1802 196 1856; x_wconf 91' lang='lat' dir='ltr'><strong>et</strong></span> <span class='ocrx_word' id='word_1_192' title='bbox 208 1827 252 1842; x_wconf 80' lang='lat'><strong>—-</strong></span> <span class='ocrx_word' id='word_1_193' title='bbox 266 1798 363 1857; x_wconf 91' lang='lat' dir='ltr'><strong>ouius.</strong></span> <span class='ocrx_word' id='word_1_194' title='bbox 399 1793 433 1866; x_wconf 80' lang='grc'><strong>1,</strong></span> <span class='ocrx_word' id='word_1_195' title='bbox 452 1793 493 1856; x_wconf 91' lang='grc'><strong>10</strong></span> <span class='ocrx_word' id='word_1_196' title='bbox 511 1799 596 1877; x_wconf 90' lang='lat' dir='ltr'><strong>ponti</strong></span> <span class='ocrx_word' id='word_1_197' title='bbox 611 1797 650 1858; x_wconf 89' lang='grc'><strong>11.</strong></span> <span class='ocrx_word' id='word_1_198' title='bbox 668 1797 697 1857; x_wconf 93' lang='grc'><strong>1.</strong></span> <span class='ocrx_word' id='word_1_199' title='bbox 713 1814 739 1856; x_wconf 92' lang='lat' dir='ltr'><strong>r.</strong></span> <span class='ocrx_word' id='word_1_200' title='bbox 753 1815 793 1856; x_wconf 93' lang='lat' dir='ltr'><strong>m.</strong></span> <span class='ocrx_word' id='word_1_201' title='bbox 809 1793 872 1858; x_wconf 82' lang='grc'><strong>378</strong></span> <span class='ocrx_word' id='word_1_202' title='bbox 886 1829 929 1843; x_wconf 90' lang='grc'>-</span> <span class='ocrx_word' id='word_1_203' title='bbox 943 1797 1039 1858; x_wconf 88' lang='lat' dir='ltr'><strong>Ponti.</strong></span> 
     </span>
    </p>
   </div>
   <div class='ocr_carea' id='block_1_5' title="bbox 78 1874 1173 1961">
    <p class='ocr_par' dir='ltr' id='par_1_6' title="bbox 78 1874 1173 1961">
     <span class='ocr_line' id='line_1_20' title="bbox 78 1874 1173 1961; baseline 0.003 -22"><span class='ocrx_word' id='word_1_204' title='bbox 78 1874 107 1948; x_wconf 86' lang='grc' dir='ltr'><strong>Β,</strong></span> <span class='ocrx_word' id='word_1_205' title='bbox 121 1875 145 1939; x_wconf 91' lang='lat'>4</span> <span class='ocrx_word' id='word_1_206' title='bbox 158 1878 227 1941; x_wconf 88' lang='lat' dir='ltr'><strong>cibo</strong></span> <span class='ocrx_word' id='word_1_207' title='bbox 239 1912 277 1924; x_wconf 90' lang='lat'><strong>-—</strong></span> <span class='ocrx_word' id='word_1_208' title='bbox 289 1879 361 1941; x_wconf 90' lang='lat' dir='ltr'><strong>cibi.</strong></span> <span class='ocrx_word' id='word_1_209' title='bbox 394 1877 442 1950; x_wconf 91' lang='lat'><strong>11,</strong></span> <span class='ocrx_word' id='word_1_210' title='bbox 454 1877 475 1942; x_wconf 83' lang='lat'><strong>3</strong></span> <span class='ocrx_word' id='word_1_211' title='bbox 490 1883 541 1961; x_wconf 92' lang='lat' dir='ltr'><strong>qui</strong></span> <span class='ocrx_word' id='word_1_212' title='bbox 557 1881 715 1958; x_wconf 86' lang='lat' dir='ltr'><strong>sacrilegio</strong></span> <span class='ocrx_word' id='word_1_213' title='bbox 731 1887 856 1942; x_wconf 87' lang='lat' dir='ltr'><strong>onustus</strong></span> <span class='ocrx_word' id='word_1_214' title='bbox 866 1915 909 1925; x_wconf 91' lang='lat'><em>-</em></span> <span class='ocrx_word' id='word_1_215' title='bbox 919 1889 1042 1942; x_wconf 90' lang='lat' dir='ltr'><strong>onustus</strong></span> <span class='ocrx_word' id='word_1_216' title='bbox 1168 1878 1173 1886; x_wconf 83' lang='lat'>&#39;</span> 
     </span>
    </p>
   </div>
   <div class='ocr_carea' id='block_1_6' title="bbox 30 1961 1068 3556">
    <p class='ocr_par' dir='ltr' id='par_1_7' title="bbox 76 1961 1042 2783">
     <span class='ocr_line' id='line_1_21' title="bbox 77 1961 1041 2045; baseline 0.003 -22"><span class='ocrx_word' id='word_1_217' title='bbox 77 1965 129 2042; x_wconf 90' lang='lat' dir='ltr'><strong>qui</strong></span> <span class='ocrx_word' id='word_1_218' title='bbox 144 1964 311 2041; x_wconf 86' lang='lat' dir='ltr'><strong>sacrilegio.</strong></span> <span class='ocrx_word' id='word_1_219' title='bbox 343 1961 382 2024; x_wconf 78' lang='lat'><strong>17</strong></span> <span class='ocrx_word' id='word_1_220' title='bbox 400 1972 492 2026; x_wconf 89' lang='lat' dir='ltr'><strong>totam</strong></span> <span class='ocrx_word' id='word_1_221' title='bbox 503 1983 597 2045; x_wconf 90' lang='lat' dir='ltr'><strong>aeque</strong></span> <span class='ocrx_word' id='word_1_222' title='bbox 609 2000 651 2010; x_wconf 95' lang='lat'>-</span> <span class='ocrx_word' id='word_1_223' title='bbox 662 1972 755 2026; x_wconf 90' lang='lat' dir='ltr'><strong>totam</strong></span> <span class='ocrx_word' id='word_1_224' title='bbox 771 1967 851 2045; x_wconf 89' lang='lat' dir='ltr'><strong>quia.</strong></span> <span class='ocrx_word' id='word_1_225' title='bbox 883 1961 963 2035; x_wconf 84' lang='lat'><strong>18,5</strong></span> <span class='ocrx_word' id='word_1_226' title='bbox 979 1984 1041 2026; x_wconf 89' lang='lat' dir='ltr'><strong>ma·</strong></span> 
     </span>
     <span class='ocr_line' id='line_1_22' title="bbox 76 2045 1042 2127; baseline 0.004 -22"><span class='ocrx_word' id='word_1_227' title='bbox 76 2049 156 2108; x_wconf 82' lang='lat' dir='ltr'><strong>rime</strong></span> <span class='ocrx_word' id='word_1_228' title='bbox 167 2047 201 2109; x_wconf 94' lang='lat' dir='ltr'><strong>L.</strong></span> <span class='ocrx_word' id='word_1_229' title='bbox 214 2047 252 2108; x_wconf 92' lang='lat' dir='ltr'><strong>M.</strong></span> <span class='ocrx_word' id='word_1_230' title='bbox 264 2079 308 2095; x_wconf 83' lang='lat'><strong>—-</strong></span> <span class='ocrx_word' id='word_1_231' title='bbox 322 2050 489 2109; x_wconf 82' lang='lat' dir='ltr'><strong>maximam.</strong></span> <span class='ocrx_word' id='word_1_232' title='bbox 517 2049 560 2109; x_wconf 90' lang='lat' dir='ltr'><strong>ib.</strong></span> <span class='ocrx_word' id='word_1_233' title='bbox 576 2045 615 2109; x_wconf 89' lang='lat'><strong>19</strong></span> <span class='ocrx_word' id='word_1_234' title='bbox 632 2068 674 2118; x_wconf 89' lang='lat' dir='ltr'><strong>a.,</strong></span> <span class='ocrx_word' id='word_1_235' title='bbox 688 2049 740 2118; x_wconf 85' lang='lat' dir='ltr'><strong>sed</strong></span> <span class='ocrx_word' id='word_1_236' title='bbox 752 2049 853 2118; x_wconf 87' lang='lat' dir='ltr'><strong>multo,</strong></span> <span class='ocrx_word' id='word_1_237' title='bbox 871 2049 990 2127; x_wconf 88' lang='lat' dir='ltr'><strong>replent</strong></span> <span class='ocrx_word' id='word_1_238' title='bbox 999 2083 1042 2094; x_wconf 89' lang='lat'><em>-</em></span> 
     </span>
     <span class='ocr_line' id='line_1_23' title="bbox 79 2127 1041 2211; baseline 0.003 -20"><span class='ocrx_word' id='word_1_239' title='bbox 79 2149 107 2191; x_wconf 90' lang='lat' dir='ltr'><strong>a.</strong></span> <span class='ocrx_word' id='word_1_240' title='bbox 123 2129 226 2197; x_wconf 87' lang='lat' dir='ltr'><strong>sedulo</strong></span> <span class='ocrx_word' id='word_1_241' title='bbox 241 2148 267 2190; x_wconf 92' lang='lat' dir='ltr'><strong>r.</strong></span> <span class='ocrx_word' id='word_1_242' title='bbox 282 2128 325 2190; x_wconf 86' lang='lat' dir='ltr'><strong>ib.</strong></span> <span class='ocrx_word' id='word_1_243' title='bbox 341 2149 368 2190; x_wconf 88' lang='lat' dir='ltr'><strong>v.</strong></span> <span class='ocrx_word' id='word_1_244' title='bbox 379 2128 430 2192; x_wconf 90' lang='grc'><strong>35.</strong></span> <span class='ocrx_word' id='word_1_245' title='bbox 445 2127 487 2192; x_wconf 89' lang='grc'><strong>36</strong></span> <span class='ocrx_word' id='word_1_246' title='bbox 503 2132 613 2193; x_wconf 87' lang='lat' dir='ltr'><strong>seclusi</strong></span> <span class='ocrx_word' id='word_1_247' title='bbox 628 2135 750 2211; x_wconf 89' lang='lat' dir='ltr'><strong>antiqua</strong></span> <span class='ocrx_word' id='word_1_248' title='bbox 763 2133 892 2193; x_wconf 87' lang='lat' dir='ltr'><strong>lectione</strong></span> <span class='ocrx_word' id='word_1_249' title='bbox 907 2133 1041 2194; x_wconf 89' lang='lat' dir='ltr'><strong>reducta.</strong></span> 
     </span>
     <span class='ocr_line' id='line_1_24' title="bbox 76 2209 1041 2285; baseline 0.003 -11"><span class='ocrx_word' id='word_1_250' title='bbox 76 2209 134 2284; x_wconf 94' lang='grc'><strong>20,</strong></span> <span class='ocrx_word' id='word_1_251' title='bbox 156 2210 177 2274; x_wconf 88' lang='grc'><strong>3</strong></span> <span class='ocrx_word' id='word_1_252' title='bbox 199 2215 333 2275; x_wconf 90' lang='lat' dir='ltr'><strong>intimam</strong></span> <span class='ocrx_word' id='word_1_253' title='bbox 353 2245 397 2259; x_wconf 83' lang='lat'><em>-</em></span> <span class='ocrx_word' id='word_1_254' title='bbox 417 2213 472 2275; x_wconf 89' lang='lat' dir='ltr'><strong>ult.</strong></span> <span class='ocrx_word' id='word_1_255' title='bbox 514 2210 570 2285; x_wconf 92' lang='grc'><strong>22,</strong></span> <span class='ocrx_word' id='word_1_256' title='bbox 591 2212 614 2276; x_wconf 90' lang='grc'>4</span> <span class='ocrx_word' id='word_1_257' title='bbox 636 2216 751 2276; x_wconf 92' lang='lat' dir='ltr'><strong>circum</strong></span> <span class='ocrx_word' id='word_1_258' title='bbox 769 2218 816 2276; x_wconf 92' lang='lat' dir='ltr'><strong>ire</strong></span> <span class='ocrx_word' id='word_1_259' title='bbox 838 2247 881 2260; x_wconf 86' lang='lat'><em>-</em></span> <span class='ocrx_word' id='word_1_260' title='bbox 900 2217 1041 2277; x_wconf 86' lang='lat' dir='ltr'><strong>circuire.</strong></span> 
     </span>
     <span class='ocr_line' id='line_1_25' title="bbox 77 2293 1041 2362; baseline 0.002 -3"><span class='ocrx_word' id='word_1_261' title='bbox 77 2293 156 2359; x_wconf 91' lang='lat' dir='ltr'><strong>ih.8</strong></span> <span class='ocrx_word' id='word_1_262' title='bbox 176 2304 209 2358; x_wconf 91' lang='lat' dir='ltr'><strong>ut</strong></span> <span class='ocrx_word' id='word_1_263' title='bbox 224 2300 307 2358; x_wconf 89' lang='lat' dir='ltr'><strong>aiunt</strong></span> <span class='ocrx_word' id='word_1_264' title='bbox 327 2304 414 2359; x_wconf 83' lang='lat' dir='ltr'><strong>natus</strong></span> <span class='ocrx_word' id='word_1_265' title='bbox 435 2332 478 2343; x_wconf 93' lang='lat'><em>-</em></span> <span class='ocrx_word' id='word_1_266' title='bbox 499 2306 585 2360; x_wconf 89' lang='lat' dir='ltr'><strong>natus</strong></span> <span class='ocrx_word' id='word_1_267' title='bbox 605 2305 640 2360; x_wconf 91' lang='lat' dir='ltr'><strong>ut</strong></span> <span class='ocrx_word' id='word_1_268' title='bbox 662 2301 754 2360; x_wconf 91' lang='lat' dir='ltr'><strong>aiunt.</strong></span> <span class='ocrx_word' id='word_1_269' title='bbox 795 2297 907 2360; x_wconf 63' lang='lat' dir='ltr'><strong>inicia</strong></span> <span class='ocrx_word' id='word_1_270' title='bbox 927 2333 970 2344; x_wconf 93' lang='lat'><em>-</em></span> <span class='ocrx_word' id='word_1_271' title='bbox 984 2300 1041 2362; x_wconf 73' lang='lat' dir='ltr'><strong>(lea</strong></span> 
     </span>
     <span class='ocr_line' id='line_1_26' title="bbox 76 2377 1040 2445; baseline 0.003 -3"><span class='ocrx_word' id='word_1_272' title='bbox 76 2377 120 2442; x_wconf 90' lang='grc'><strong>24</strong></span> <span class='ocrx_word' id='word_1_273' title='bbox 133 2384 201 2443; x_wconf 93' lang='lat' dir='ltr'><strong>init.</strong></span> <span class='ocrx_word' id='word_1_274' title='bbox 217 2383 257 2443; x_wconf 88' lang='grc'><strong>11.</strong></span> <span class='ocrx_word' id='word_1_275' title='bbox 273 2382 320 2443; x_wconf 89' lang='grc'><strong>11.</strong></span> <span class='ocrx_word' id='word_1_276' title='bbox 340 2381 391 2443; x_wconf 86' lang='lat' dir='ltr'><strong>Or.</strong></span> <span class='ocrx_word' id='word_1_277' title='bbox 421 2382 464 2444; x_wconf 86' lang='lat' dir='ltr'><strong>ib.</strong></span> <span class='ocrx_word' id='word_1_278' title='bbox 483 2379 616 2444; x_wconf 61' lang='lat'><strong>11-217</strong></span> <span class='ocrx_word' id='word_1_279' title='bbox 636 2385 679 2444; x_wconf 88' lang='lat' dir='ltr'><strong>ita</strong></span> <span class='ocrx_word' id='word_1_280' title='bbox 702 2384 838 2444; x_wconf 84' lang='lat' dir='ltr'><strong>ordinavi</strong></span> <span class='ocrx_word' id='word_1_281' title='bbox 856 2380 904 2443; x_wconf 93' lang='lat'><strong>11.</strong></span> <span class='ocrx_word' id='word_1_282' title='bbox 923 2380 1040 2445; x_wconf 85' lang='grc'><strong>1512.</strong></span> 
     </span>
     <span class='ocr_line' id='line_1_27' title="bbox 80 2462 1041 2548; baseline 0.001 -21"><span class='ocrx_word' id='word_1_283' title='bbox 80 2463 129 2527; x_wconf 80' lang='grc'><strong>11.</strong></span> <span class='ocrx_word' id='word_1_284' title='bbox 154 2464 203 2533; x_wconf 86' lang='grc'><strong>16,</strong></span> <span class='ocrx_word' id='word_1_285' title='bbox 226 2463 276 2527; x_wconf 88' lang='grc'><strong>13.</strong></span> <span class='ocrx_word' id='word_1_286' title='bbox 298 2462 348 2527; x_wconf 87' lang='lat'><strong>14.</strong></span> <span class='ocrx_word' id='word_1_287' title='bbox 370 2472 401 2527; x_wconf 96' lang='grc'><strong>11</strong></span> <span class='ocrx_word' id='word_1_288' title='bbox 421 2485 446 2526; x_wconf 87' lang='lat' dir='ltr'><strong>v.</strong></span> <span class='ocrx_word' id='word_1_289' title='bbox 471 2463 510 2527; x_wconf 78' lang='lat'><strong>17</strong></span> <span class='ocrx_word' id='word_1_290' title='bbox 532 2470 592 2528; x_wconf 90' lang='lat' dir='ltr'><strong>iam</strong></span> <span class='ocrx_word' id='word_1_291' title='bbox 611 2486 628 2528; x_wconf 91' lang='lat' dir='ltr'><strong>a</strong></span> <span class='ocrx_word' id='word_1_292' title='bbox 649 2468 784 2530; x_wconf 87' lang='lat' dir='ltr'><strong>Bentleio</strong></span> <span class='ocrx_word' id='word_1_293' title='bbox 805 2467 1041 2548; x_wconf 86' lang='lat' dir='ltr'><strong>quo-oportebat</strong></span> 
     </span>
     <span class='ocr_line' id='line_1_28' title="bbox 76 2547 1041 2633; baseline 0.002 -23"><span class='ocrx_word' id='word_1_294' title='bbox 76 2549 141 2610; x_wconf 94' lang='lat' dir='ltr'><strong>loco</strong></span> <span class='ocrx_word' id='word_1_295' title='bbox 164 2553 352 2613; x_wconf 90' lang='lat' dir='ltr'><strong>constitutus.</strong></span> <span class='ocrx_word' id='word_1_296' title='bbox 390 2549 432 2615; x_wconf 92' lang='lat' dir='ltr'><strong>ib.</strong></span> <span class='ocrx_word' id='word_1_297' title='bbox 451 2547 491 2612; x_wconf 93' lang='grc'><strong>12</strong></span> <span class='ocrx_word' id='word_1_298' title='bbox 512 2571 604 2631; x_wconf 92' lang='lat' dir='ltr'><strong>quom</strong></span> <span class='ocrx_word' id='word_1_299' title='bbox 623 2551 662 2614; x_wconf 91' lang='lat' dir='ltr'><strong>L.</strong></span> <span class='ocrx_word' id='word_1_300' title='bbox 673 2553 712 2614; x_wconf 88' lang='grc' dir='ltr'><strong>Μ.</strong></span> <span class='ocrx_word' id='word_1_301' title='bbox 727 2586 770 2597; x_wconf 91' lang='lat'>-</span> <span class='ocrx_word' id='word_1_302' title='bbox 784 2571 853 2633; x_wconf 90' lang='lat' dir='ltr'><strong>quo.</strong></span> <span class='ocrx_word' id='word_1_303' title='bbox 887 2548 945 2623; x_wconf 86' lang='grc'><strong>25,</strong></span> <span class='ocrx_word' id='word_1_304' title='bbox 961 2550 1041 2632; x_wconf 72' lang='grc'><strong>911-</strong></span> 
     </span>
     <span class='ocr_line' id='line_1_29' title="bbox 77 2633 1041 2711; baseline 0.004 -17"><span class='ocrx_word' id='word_1_305' title='bbox 77 2650 170 2711; x_wconf 81' lang='lat' dir='ltr'><strong>guero</strong></span> <span class='ocrx_word' id='word_1_306' title='bbox 180 2635 214 2696; x_wconf 93' lang='lat' dir='ltr'><strong>L.</strong></span> <span class='ocrx_word' id='word_1_307' title='bbox 226 2634 265 2695; x_wconf 93' lang='lat' dir='ltr'><strong>M.</strong></span> <span class='ocrx_word' id='word_1_308' title='bbox 277 2667 321 2680; x_wconf 87' lang='lat'>—</span> <span class='ocrx_word' id='word_1_309' title='bbox 332 2635 441 2697; x_wconf 88' lang='lat' dir='ltr'><strong>sidera.</strong></span> <span class='ocrx_word' id='word_1_310' title='bbox 471 2635 514 2697; x_wconf 92' lang='lat' dir='ltr'><strong>ib.</strong></span> <span class='ocrx_word' id='word_1_311' title='bbox 532 2633 572 2698; x_wconf 87' lang='lat'><strong>14</strong></span> <span class='ocrx_word' id='word_1_312' title='bbox 586 2655 709 2699; x_wconf 83' lang='lat' dir='ltr'><strong>censeas</strong></span> <span class='ocrx_word' id='word_1_313' title='bbox 722 2670 764 2682; x_wconf 88' lang='lat'>-</span> <span class='ocrx_word' id='word_1_314' title='bbox 776 2639 916 2699; x_wconf 84' lang='lat' dir='ltr'><strong>sentiant.</strong></span> <span class='ocrx_word' id='word_1_315' title='bbox 945 2636 987 2697; x_wconf 91' lang='lat' dir='ltr'><strong>ih.</strong></span> <span class='ocrx_word' id='word_1_316' title='bbox 1002 2634 1041 2698; x_wconf 90' lang='lat'><strong>18</strong></span> 
     </span>
     <span class='ocr_line' id='line_1_30' title="bbox 78 2718 610 2783; baseline 0.011 -6"><span class='ocrx_word' id='word_1_317' title='bbox 78 2718 267 2781; x_wconf 87' lang='lat' dir='ltr'><strong>dissimulans</strong></span> <span class='ocrx_word' id='word_1_318' title='bbox 280 2718 313 2780; x_wconf 89' lang='lat' dir='ltr'><strong>L.</strong></span> <span class='ocrx_word' id='word_1_319' title='bbox 329 2719 368 2780; x_wconf 96' lang='lat' dir='ltr'><strong>M.</strong></span> <span class='ocrx_word' id='word_1_320' title='bbox 383 2750 427 2766; x_wconf 79' lang='lat'><strong>--</strong></span> <span class='ocrx_word' id='word_1_321' title='bbox 447 2720 610 2783; x_wconf 90' lang='lat' dir='ltr'><strong>dimissam.</strong></span> 
     </span>
    </p>

    <p class='ocr_par' dir='ltr' id='par_1_8' title="bbox 30 2799 1068 3556">
     <span class='ocr_line' id='line_1_31' title="bbox 140 2799 1040 2884; baseline 0.004 -23"><span class='ocrx_word' id='word_1_322' title='bbox 140 2801 174 2872; x_wconf 91' lang='lat' dir='ltr'><strong>V,</strong></span> <span class='ocrx_word' id='word_1_323' title='bbox 192 2800 225 2873; x_wconf 90' lang='lat'><strong>1,</strong></span> <span class='ocrx_word' id='word_1_324' title='bbox 243 2799 283 2865; x_wconf 91' lang='grc'><strong>15</strong></span> <span class='ocrx_word' id='word_1_325' title='bbox 302 2805 334 2864; x_wconf 85' lang='grc'><strong>11</strong></span> <span class='ocrx_word' id='word_1_326' title='bbox 355 2812 547 2884; x_wconf 86' lang='lat' dir='ltr'><strong>conspectum</strong></span> <span class='ocrx_word' id='word_1_327' title='bbox 567 2825 666 2867; x_wconf 90' lang='lat' dir='ltr'><strong>meum</strong></span> <span class='ocrx_word' id='word_1_328' title='bbox 680 2839 723 2850; x_wconf 90' lang='lat'>-</span> <span class='ocrx_word' id='word_1_329' title='bbox 738 2808 770 2866; x_wconf 95' lang='lat' dir='ltr'><strong>in</strong></span> <span class='ocrx_word' id='word_1_330' title='bbox 785 2812 948 2884; x_wconf 87' lang='lat' dir='ltr'><strong>conspectu</strong></span> <span class='ocrx_word' id='word_1_331' title='bbox 963 2824 1040 2866; x_wconf 87' lang='lat' dir='ltr'><strong>meo.</strong></span> 
     </span>
     <span class='ocr_line' id='line_1_32' title="bbox 77 2881 1053 2968; baseline 0.003 -21"><span class='ocrx_word' id='word_1_332' title='bbox 77 2882 113 2954; x_wconf 89' lang='grc'><strong>3,</strong></span> <span class='ocrx_word' id='word_1_333' title='bbox 131 2881 170 2947; x_wconf 93' lang='grc'><strong>11</strong></span> <span class='ocrx_word' id='word_1_334' title='bbox 192 2889 278 2947; x_wconf 86' lang='lat' dir='ltr'><strong>venia</strong></span> <span class='ocrx_word' id='word_1_335' title='bbox 298 2888 404 2948; x_wconf 88' lang='lat' dir='ltr'><strong>donari</strong></span> <span class='ocrx_word' id='word_1_336' title='bbox 418 2921 461 2934; x_wconf 90' lang='lat'>—</span> <span class='ocrx_word' id='word_1_337' title='bbox 477 2891 594 2951; x_wconf 88' lang='lat' dir='ltr'><strong>veniam</strong></span> <span class='ocrx_word' id='word_1_338' title='bbox 610 2890 729 2950; x_wconf 85' lang='lat' dir='ltr'><strong>cidari.</strong></span> <span class='ocrx_word' id='word_1_339' title='bbox 767 2889 809 2950; x_wconf 92' lang='lat' dir='ltr'><strong>ib.</strong></span> <span class='ocrx_word' id='word_1_340' title='bbox 828 2885 868 2949; x_wconf 88' lang='lat'><strong>13</strong></span> <span class='ocrx_word' id='word_1_341' title='bbox 882 2890 986 2968; x_wconf 87' lang='lat' dir='ltr'><strong>quavis</strong></span> <span class='ocrx_word' id='word_1_342' title='bbox 1000 2913 1053 2932; x_wconf 90' lang='lat'><strong>—·</strong></span> 
     </span>
     <span class='ocr_line' id='line_1_33' title="bbox 78 2968 1041 3118; baseline 0.004 -4"><span class='ocrx_word' id='word_1_343' title='bbox 78 2968 1041 3118; x_wconf 60' lang='lat' dir='ltr'><strong>tidini..¹;¹.³tt÷.³.⁸dt⁸.t.tds⁰.⁰.¹dss,nitititi</strong></span> 
     </span>
     <span class='ocr_line' id='line_1_34' title="bbox 78 3137 1041 3219; baseline 0.004 -21"><span class='ocrx_word' id='word_1_344' title='bbox 78 3143 110 3198; x_wconf 90' lang='lat' dir='ltr'><strong>et</strong></span> <span class='ocrx_word' id='word_1_345' title='bbox 130 3137 261 3198; x_wconf 88' lang='lat' dir='ltr'><strong>derisuri</strong></span> <span class='ocrx_word' id='word_1_346' title='bbox 280 3156 341 3200; x_wconf 90' lang='lat' dir='ltr'><strong>uon</strong></span> <span class='ocrx_word' id='word_1_347' title='bbox 367 3143 531 3219; x_wconf 87' lang='lat' dir='ltr'><strong>spectaturi</strong></span> <span class='ocrx_word' id='word_1_348' title='bbox 551 3141 656 3202; x_wconf 87' lang='lat' dir='ltr'><strong>sedent</strong></span> <span class='ocrx_word' id='word_1_349' title='bbox 678 3174 721 3186; x_wconf 92' lang='lat'>-</span> <span class='ocrx_word' id='word_1_350' title='bbox 747 3147 777 3201; x_wconf 91' lang='lat' dir='ltr'><strong>et</strong></span> <span class='ocrx_word' id='word_1_351' title='bbox 805 3141 960 3202; x_wconf 88' lang='lat' dir='ltr'><strong>derisurus</strong></span> <span class='ocrx_word' id='word_1_352' title='bbox 982 3159 1041 3202; x_wconf 94' lang='lat' dir='ltr'><strong>non</strong></span> 
     </span>
     <span class='ocr_line' id='line_1_35' title="bbox 78 3221 1040 3305; baseline 0.003 -24"><span class='ocrx_word' id='word_1_353' title='bbox 78 3228 266 3300; x_wconf 88' lang='lat' dir='ltr'><strong>spectaturus</strong></span> <span class='ocrx_word' id='word_1_354' title='bbox 281 3223 359 3284; x_wconf 85' lang='lat' dir='ltr'><strong>silet.</strong></span> <span class='ocrx_word' id='word_1_355' title='bbox 389 3221 409 3285; x_wconf 85' lang='lat'><strong>6</strong></span> <span class='ocrx_word' id='word_1_356' title='bbox 424 3227 515 3285; x_wconf 84' lang='lat' dir='ltr'><strong>inser.</strong></span> <span class='ocrx_word' id='word_1_357' title='bbox 531 3225 599 3286; x_wconf 90' lang='lat' dir='ltr'><strong>add.</strong></span> <span class='ocrx_word' id='word_1_358' title='bbox 616 3243 719 3305; x_wconf 87' lang='lat' dir='ltr'><strong>aeque.</strong></span> <span class='ocrx_word' id='word_1_359' title='bbox 754 3222 789 3295; x_wconf 81' lang='lat' dir='ltr'><strong>t,</strong></span> <span class='ocrx_word' id='word_1_360' title='bbox 808 3222 857 3286; x_wconf 93' lang='grc'><strong>13.</strong></span> <span class='ocrx_word' id='word_1_361' title='bbox 874 3221 916 3286; x_wconf 92' lang='grc'><strong>14</strong></span> <span class='ocrx_word' id='word_1_362' title='bbox 929 3225 961 3285; x_wconf 90' lang='grc'><strong>11</strong></span> <span class='ocrx_word' id='word_1_363' title='bbox 974 3225 995 3285; x_wconf 93' lang='lat' dir='ltr'><strong>l.</strong></span> <span class='ocrx_word' id='word_1_364' title='bbox 1011 3243 1040 3301; x_wconf 86' lang='lat' dir='ltr'><strong>g.</strong></span> 
     </span>
     <span class='ocr_line' id='line_1_36' title="bbox 30 3305 1041 3389; baseline 0.002 -23"><span class='ocrx_word' id='word_1_365' title='bbox 30 3362 32 3366; x_wconf 86' lang='grc'><strong>,</strong></span> <span class='ocrx_word' id='word_1_366' title='bbox 78 3305 694 3386; x_wconf 85' lang='lat' dir='ltr'><strong>desiderareL.M.-etl.g.‚desidcrari.</strong></span> <span class='ocrx_word' id='word_1_367' title='bbox 721 3305 1041 3389; x_wconf 64' lang='lat' dir='ltr'><strong>lineamentum</strong></span> 
     </span>
     <span class='ocr_line' id='line_1_37' title="bbox 79 3385 1043 3472; baseline -0.002 -23"><span class='ocrx_word' id='word_1_368' title='bbox 79 3389 196 3466; x_wconf 82' lang='lat' dir='ltr'><strong>ingredi</strong></span> <span class='ocrx_word' id='word_1_369' title='bbox 209 3389 368 3468; x_wconf 84' lang='lat' dir='ltr'><strong>Princeps,</strong></span> <span class='ocrx_word' id='word_1_370' title='bbox 391 3410 459 3452; x_wconf 89' lang='lat' dir='ltr'><strong>eum</strong></span> <span class='ocrx_word' id='word_1_371' title='bbox 480 3393 600 3455; x_wconf 87' lang='lat' dir='ltr'><strong>adducit</strong></span> <span class='ocrx_word' id='word_1_372' title='bbox 614 3385 712 3472; x_wconf 79' lang='lat' dir='ltr'><strong>pretio</strong></span> <span class='ocrx_word' id='word_1_373' title='bbox 726 3427 769 3438; x_wconf 91' lang='lat'>-</span> <span class='ocrx_word' id='word_1_374' title='bbox 790 3399 820 3453; x_wconf 89' lang='lat' dir='ltr'><strong>et</strong></span> <span class='ocrx_word' id='word_1_375' title='bbox 840 3396 861 3452; x_wconf 92' lang='lat' dir='ltr'><strong>i.</strong></span> <span class='ocrx_word' id='word_1_376' title='bbox 877 3393 911 3454; x_wconf 92' lang='lat' dir='ltr'><strong>P.</strong></span> <span class='ocrx_word' id='word_1_377' title='bbox 928 3411 944 3453; x_wconf 89' lang='lat' dir='ltr'><strong>a</strong></span> <span class='ocrx_word' id='word_1_378' title='bbox 966 3393 1043 3451; x_wconf 82' lang='lat' dir='ltr'><strong>duce</strong></span> 
     </span>
     <span class='ocr_line' id='line_1_38' title="bbox 79 3472 1068 3556; baseline -0.002 -24"><span class='ocrx_word' id='word_1_379' title='bbox 79 3473 207 3552; x_wconf 81' lang='lat' dir='ltr'><strong>ingredi.</strong></span> <span class='ocrx_word' id='word_1_380' title='bbox 236 3473 404 3536; x_wconf 88' lang='lat' dir='ltr'><strong>Reductum</strong></span> <span class='ocrx_word' id='word_1_381' title='bbox 418 3478 541 3556; x_wconf 87' lang='lat' dir='ltr'><strong>pressit.</strong></span> <span class='ocrx_word' id='word_1_382' title='bbox 573 3473 637 3550; x_wconf 90' lang='grc'><strong>8,2</strong></span> <span class='ocrx_word' id='word_1_383' title='bbox 651 3476 737 3538; x_wconf 88' lang='lat' dir='ltr'><strong>nudo</strong></span> <span class='ocrx_word' id='word_1_384' title='bbox 751 3472 1068 3554; x_wconf 51' lang='lat' dir='ltr'><strong>occiduum-M·-</strong></span> 
     </span>
    </p>
   </div>
   <div class='ocr_carea' id='block_1_7' title="bbox 0 0 1186 3854">
    <p class='ocr_par' dir='ltr' id='par_1_9' title="bbox 0 0 1186 3854">
     <span class='ocr_line' id='line_1_39' title="bbox 0 0 1186 3854; baseline 0 0"><span class='ocrx_word' id='word_1_385' title='bbox 0 0 1186 3854; x_wconf 95' lang='lat' dir='ltr'><strong> </strong></span> 
     </span>
    </p>
   </div>
  </div>
 </body>
</html>
